%% This BibTeX bibliography file was created using BibDesk.
%% http://bibdesk.sourceforge.net/

@string{aistats = {{AISTATS}}}

@string{bmvc = {{BMVC}}}

@string{cvpr = {{CVPR}}}

@string{eccv = {{ECCV}}}

@string{iccv = {{ICCV}}}

@string{icip = {{ICIP}}}

@string{icml = {{ICML}}}

@string{icpr = {{ICPR}}}

@string{ijcv = {{IJCV}}}

@string{inria = {{INRIA}}}

@string{mit = {{MIT}}}

@string{nips = {{NIPS}}}

@string{pami = {{PAMI}}}

@string{siggraph = {{SIGGRAPH}}}




% ===============================================================================================================
% GEOMETRIC SET COVER
% ===============================================================================================================
@book{vazirani2013approximation,
  title={Approximation algorithms},
  author={Vazirani, Vijay V},
  year={2013},
  publisher={Springer Science \& Business Media}
}
@inproceedings{varadarajan2010weighted,
  title={Weighted geometric set cover via quasi-uniform sampling},
  author={Varadarajan, Kasturi},
  booktitle={Proceedings of the forty-second ACM symposium on Theory of computing},
  pages={641--648},
  year={2010},
  organization={ACM}
}
@article{mustafa2015quasi,
  title={Quasi-polynomial time approximation scheme for weighted geometric set cover on pseudodisks and halfspaces},
  author={Mustafa, Nabil H and Raman, Rajiv and Ray, Saurabh},
  journal={SIAM Journal on Computing},
  volume={44},
  number={6},
  pages={1650--1669},
  year={2015},
  publisher={SIAM}
}
@article{har2012weighted,
  title={Weighted geometric set cover problems revisited},
  author={Har-Peled, Sariel and Lee, Mira},
  journal={Journal of Computational Geometry},
  volume={3},
  number={1},
  pages={65--85},
  year={2012}
}
@inproceedings{chan2012weighted,
  title={Weighted capacitated, priority, and geometric set cover via improved quasi-uniform sampling},
  author={Chan, Timothy M and Grant, Elyot and K{\"o}nemann, Jochen and Sharpe, Malcolm},
  booktitle={Proceedings of the twenty-third annual ACM-SIAM symposium on Discrete Algorithms},
  pages={1576--1585},
  year={2012},
  organization={Society for Industrial and Applied Mathematics}
}
@article{bronnimann1995almost,
  title={Almost optimal set covers in finite VC-dimension},
  author={Br{\"o}nnimann, Herv{\'e} and Goodrich, Michael T},
  journal={Discrete \& Computational Geometry},
  volume={14},
  number={4},
  pages={463--479},
  year={1995},
  publisher={Springer}
}


% ===============================================================================================================
% SYMMETRY, BOUNDARIES, SHAPE, SUPERPIXELS
% ===============================================================================================================
@inproceedings{shen2016object,
  title={Object skeleton extraction in natural images by fusing scale-associated deep side outputs},
  author={Shen, Wei and Zhao, Kai and Jiang, Yuan and Wang, Yan and Zhang, Zhijiang and Bai, Xiang},
  booktitle={Proceedings of the IEEE Conference on Computer Vision and Pattern Recognition},
  pages={222--230},
  year={2016}
}
@article{martin2001database,
  author={Martin, D. and Fowlkes, C. and Tal, D. and Malik, J.},
  journal={ICCV}, 
  title={A database of human segmented natural images and its application to evaluating segmentation algorithms and measuring ecological statistics },
  year={2001}
}
@article{levinshtein2009turbopixels,
  title={Turbopixels: Fast superpixels using geometric flows},
  author={Levinshtein, Alex and Stere, Adrian and Kutulakos, Kiriakos N and Fleet, David J and Dickinson, Sven J and Siddiqi, Kaleem},
  journal={IEEE transactions on pattern analysis and machine intelligence},
  volume={31},
  number={12},
  pages={2290--2297},
  year={2009},
  publisher={IEEE}
}
@article{achanta2012slic,
  title={{SLIC} Superpixels Compared to State-of-the-art Superpixel Methods},
  author={Achanta, Radhakrishna and Shaji, Appu and Smith, Kevin and Lucchi, Aurelien and Fua, Pascal and SÃ¼sstrunk, Sabine},
  journal={IEEE Transactions on Pattern Analysis and Machine Intelligence},
  volume={34},
  number={11},
  pages={2274--2282},
  year={2012}
} % USED
@article{shi2000normalized,
  title={Normalized cuts and image segmentation},
  author={Shi, J. and Malik, J.},
  journal={PAMI},
  year={2000}
}
@article{viola2001rapid,
  title={Rapid object detection using a boosted cascade of simple features},
  author={Viola, P. and Jones, M.},
  journal={CVPR},
  year={2001}
}
@article{arbelaez2011contour,
  title={Contour detection and hierarchical image segmentation},
  author={Arbelaez, P. and Maire, M. and Fowlkes, C. and Malik, J.},
  journal={IEEE Transactions on Pattern Analysis and Machine Intelligence},
  year={2011}
}
@inproceedings{felzenszwalb2006min,
  title={A min-cover approach for finding salient curves},
  author={Felzenszwalb, Pedro and McAllester, David},
  booktitle={Computer Vision and Pattern Recognition Workshop, 2006. CVPRW'06. Conference on},
  pages={185--185},
  year={2006},
  organization={IEEE}
}
@inproceedings{zhu2007untangling,
  title={Untangling cycles for contour grouping},
  author={Zhu, Qihui and Song, Gang and Shi, Jianbo},
  booktitle={Computer Vision, 2007. ICCV 2007. IEEE 11th International Conference on},
  pages={1--8},
  year={2007},
  organization={IEEE}
}
@article{kokkinos2010highly,
  title={Highly accurate boundary detection and grouping},
  author={Kokkinos, I.},
  journal={CVPR},
  year={2010}
}
@inproceedings{xie2015holistically,
  title={Holistically-nested edge detection},
  author={Xie, Saining and Tu, Zhuowen},
  booktitle={Proceedings of the IEEE International Conference on Computer Vision},
  pages={1395--1403},
  year={2015}
}



% ===============================================================================================================
% COLOR SPACES, SIGNAL PROCESSING
% ===============================================================================================================
@inproceedings{girod1993what,
  title={What's wrong with mean-squared error?},
  author={Girod, Bernd},
  booktitle={Digital images and human vision},
  pages={207--220},
  year={1993},
  organization={MIT press}
}
@article{wang2009mean,
  title={Mean squared error: Love it or leave it? A new look at signal fidelity measures},
  author={Wang, Zhou and Bovik, Alan C},
  journal={IEEE signal processing magazine},
  volume={26},
  number={1},
  pages={98--117},
  year={2009},
  publisher={IEEE}
}
@inproceedings{xu2011image,
  title={Image smoothing via L 0 gradient minimization},
  author={Xu, Li and Lu, Cewu and Xu, Yi and Jia, Jiaya},
  booktitle={ACM Transactions on Graphics (TOG)},
  volume={30},
  number={6},
  pages={174},
  year={2011},
  organization={ACM}
}















% ===============================================================================================================
% SYMMETRY, BOUNDARIES, SHAPE
% ===============================================================================================================
\begin{}
@inproceedings{sebastian2001recognition,
  title={Recognition of shapes by editing shock graphs},
  author={Sebastian, Thomas and Klein, Philip and Kimia, Benjamin},
  booktitle={null},
  pages={755},
  year={2001},
  organization={IEEE}
}
@article{siddiqi1999shock,
  title={Shock graphs and shape matching},
  author={Siddiqi, Kaleem and Shokoufandeh, Ali and Dickinson, Sven J and Zucker, Steven W},
  journal={International Journal of Computer Vision},
  volume={35},
  number={1},
  pages={13--32},
  year={1999},
  publisher={Springer}
}
@inproceedings{zhang2015symmetry,
  title={Symmetry-Based Text Line Detection in Natural Scenes},
  author={Zhang, Zheng and Shen, Wei and Yao, Cong and Bai, Xiang},
  booktitle={Proceedings of the IEEE Conference on Computer Vision and Pattern Recognition},
  pages={2558--2567},
  year={2015}
}
@article{xie2015holistically,
  title={Holistically-Nested Edge Detection},
  author={Xie, Saining and Tu, Zhuowen},
  journal={arXiv preprint arXiv:1504.06375},
  year={2015}
}
@inproceedings{teo2015detection,
  title={Detection and segmentation of 2D curved reflection symmetric structures},
  author={Teo, Ching L. and Fermueller, Cornelia and Aloimonos, Yannis },
  booktitle={Computer Vision (ICCV), 2011 IEEE International Conference on},
  year={2015},
  organization={IEEE}
} % used
@article{soegaard2010gestalt,
  title={Gestalt principles of form perception},
  author={Soegaard, Mads},
  journal={Interaction-Design. org},
  pages={8},
  year={2010}
}
@article{lindeberg1990scale,
  title={Scale-space for discrete signals},
  author={Lindeberg, Tony},
  journal={Pattern Analysis and Machine Intelligence, IEEE Transactions on},
  volume={12},
  number={3},
  pages={234--254},
  year={1990},
  publisher={IEEE}
}
@article{florack1992scale,
  title={Scale and the differential structure of images},
  author={Florack, Luc MJ and ter Haar Romeny, Bart M and Koenderink, Jan J and Viergever, Max A},
  journal={Image and Vision Computing},
  volume={10},
  number={6},
  pages={376--388},
  year={1992},
  publisher={Elsevier}
}
@article{koenderink1984structure,
  title={The structure of images},
  author={Koenderink, Jan J},
  journal={Biological cybernetics},
  volume={50},
  number={5},
  pages={363--370},
  year={1984},
  publisher={Springer}
}
@article{yuille1986scaling,
  title={Scaling theorems for zero crossings},
  author={Yuille, Alan L and Poggio, Tomaso A},
  journal={Pattern Analysis and Machine Intelligence, IEEE Transactions on},
  number={1},
  pages={15--25},
  year={1986},
  publisher={IEEE}
}
@inproceedings{witkin1984scale,
  title={Scale-space filtering: A new approach to multi-scale description},
  author={Witkin, Andrew P},
  booktitle={Acoustics, Speech, and Signal Processing, IEEE International Conference on ICASSP'84.},
  volume={9},
  pages={150--153},
  year={1984},
  organization={IEEE}
}
@inproceedings{yu2015sketch,
  title={Sketch-a-net that beats humans},
  author={Yu, Qian and Yang, Yongxin and Song, Yi-Zhe and Xiang, Tao and Hospedales, Timothy M},
  booktitle={Proceedings of the British Machine Vision Conference (BMVC)},
  pages={7--1},
  year={2015}
}
@inproceedings{harris1988combined,
  title={A combined corner and edge detector.},
  author={Harris, Chris and Stephens, Mike},
  booktitle={Alvey vision conference},
  volume={15},
  pages={50},
  year={1988},
  organization={Citeseer}
}
@article{hubel1962receptive,
  title={Receptive fields, binocular interaction and functional architecture in the cat's visual cortex},
  author={Hubel, David H and Wiesel, Torsten N},
  journal={The Journal of physiology},
  volume={160},
  number={1},
  pages={106},
  year={1962},
  publisher={Blackwell Publishing}
}
@article{hubel1968receptive,
  title={Receptive fields and functional architecture of monkey striate cortex},
  author={Hubel, David H and Wiesel, Torsten N},
  journal={The Journal of physiology},
  volume={195},
  number={1},
  pages={215--243},
  year={1968},
  publisher={Wiley Online Library}
}
@article{papert1966summer,
  title={The summer vision project},
  author={Papert, Seymour},
  year={1966}
}
@inproceedings{hallman2015oriented,
  title={Oriented Edge Forests for Boundary Detection},
  author={Hallman, Sam and Fowlkes, Charless C},
  booktitle={Proceedings of the IEEE Conference on Computer Vision and Pattern Recognition},
  pages={1732--1740},
  year={2015}
} %used
@article{lepetit2006keypoint,
  title={Keypoint recognition using randomized trees},
  author={Lepetit, Vincent and Fua, Pascal},
  journal={Pattern Analysis and Machine Intelligence, IEEE Transactions on},
  volume={28},
  number={9},
  pages={1465--1479},
  year={2006},
  publisher={IEEE}
}% used
@incollection{gall2013class,
  title={Class-specific hough forests for object detection},
  author={Gall, Juergen and Lempitsky, Victor},
  booktitle={Decision forests for computer vision and medical image analysis},
  pages={143--157},
  year={2013},
  publisher={Springer}
} %used
@incollection{criminisi2011regression,
  title={Regression forests for efficient anatomy detection and localization in CT studies},
  author={Criminisi, Antonio and Shotton, Jamie and Robertson, Duncan and Konukoglu, Ender},
  booktitle={Medical Computer Vision. Recognition Techniques and Applications in Medical Imaging},
  pages={106--117},
  year={2011},
  publisher={Springer}
}%used
@inproceedings{caruana2008empirical,
  title={An empirical evaluation of supervised learning in high dimensions},
  author={Caruana, Rich and Karampatziakis, Nikos and Yessenalina, Ainur},
  booktitle={Proceedings of the 25th international conference on Machine learning},
  pages={96--103},
  year={2008},
  organization={ACM}
}%used
@inproceedings{bosch2007image,
  title={Image classification using random forests and ferns},
  author={Bosch, Anna and Zisserman, Andrew and Munoz, Xavier},
  booktitle={IEEE 11th International Conference on Computer Vision},
  pages={1--8},
  year={2007},
  organization={IEEE}
} %used	
@article{shotton2013real,
  title={Real-time human pose recognition in parts from single depth images},
  author={Shotton, Jamie and Sharp, Toby and Kipman, Alex and Fitzgibbon, Andrew and Finocchio, Mark and Blake, Andrew and Cook, Mat and Moore, Richard},
  journal={Communications of the ACM},
  volume={56},
  number={1},
  pages={116--124},
  year={2013},
  publisher={ACM}
} %used
@inproceedings{girshick2011efficient,
  title={Efficient regression of general-activity human poses from depth images},
  author={Girshick, Ross and Shotton, Jamie and Kohli, Pushmeet and Criminisi, Antonio and Fitzgibbon, Andrew},
  booktitle={Computer Vision (ICCV), 2011 IEEE International Conference on},
  pages={415--422},
  year={2011},
  organization={IEEE}
} % used
@article{freund1997decision,
  title={A decision-theoretic generalization of on-line learning and an application to boosting},
  author={Freund, Yoav and Schapire, Robert E},
  journal={Journal of computer and system sciences},
  volume={55},
  number={1},
  pages={119--139},
  year={1997},
  publisher={Elsevier}
} % used
@article{schapire1990strength,
  title={The strength of weak learnability},
  author={Schapire, Robert E},
  journal={Machine learning},
  volume={5},
  number={2},
  pages={197--227},
  year={1990},
  publisher={Springer}
} % used
@article{quinlan1993c4,
  title={C4. 5: Programming for machine learning},
  author={Quinlan, J Ross},
  journal={Morgan Kauffmann},
  year={1993}
} % used
@book{breiman1984classification,
  title={Classification and regression trees},
  author={Breiman, Leo and Friedman, Jerome and Stone, Charles J and Olshen, Richard A},
  year={1984},
  publisher={CRC press}
} % used
@article{cootes2001active,
  title={Active appearance models},
  author={Cootes, Timothy F and Edwards, Gareth J and Taylor, Christopher J},
  journal={IEEE Transactions on Pattern Analysis \& Machine Intelligence},
  number={6},
  pages={681--685},
  year={2001},
  publisher={IEEE}
} % used
@incollection{zitnick2014edge,
  title={Edge boxes: Locating object proposals from edges},
  author={Zitnick, C Lawrence and Doll{\'a}r, Piotr},
  booktitle={Computer Vision--ECCV 2014},
  pages={391--405},
  year={2014},
  publisher={Springer}
}
@inproceedings{zhu2007untangling,
  title={Untangling cycles for contour grouping},
  author={Zhu, Qihui and Song, Gang and Shi, Jianbo},
  booktitle={Computer Vision, 2007. ICCV 2007. IEEE 11th International Conference on},
  pages={1--8},
  year={2007},
  organization={IEEE}
} %used
@inproceedings{felzenszwalb2006min,
  title={A min-cover approach for finding salient curves},
  author={Felzenszwalb, Pedro and McAllester, David},
  booktitle={Computer Vision and Pattern Recognition Workshop, 2006. CVPRW'06. Conference on},
  pages={185--185},
  year={2006},
  organization={IEEE}
} % used
@article{lee2001occlusion,
  title={Occlusion models for natural images: A statistical study of a scale-invariant dead leaves model},
  author={Lee, Ann B and Mumford, David and Huang, Jinggang},
  journal={International Journal of Computer Vision},
  volume={41},
  number={1-2},
  pages={35--59},
  year={2001},
  publisher={Springer}
}
@inproceedings{dollar2013structured,
  title={Structured forests for fast edge detection},
  author={Doll{\'a}r, Piotr and Zitnick, C Lawrence},
  booktitle={Computer Vision (ICCV), 2013 IEEE International Conference on},
  pages={1841--1848},
  year={2013},
  organization={IEEE}
} % used

@inproceedings{lim2013sketch,
  title={Sketch tokens: A learned mid-level representation for contour and object detection},
  author={Lim, Jasmine J and Zitnick, C Lawrence and Doll{\'a}r, Piotr},
  booktitle={Computer Vision and Pattern Recognition (CVPR), 2013 IEEE Conference on},
  pages={3158--3165},
  year={2013},
  organization={IEEE}
} %used

@article{barlow1979versatility,
  title={The versatility and absolute efficiency of detecting mirror symmetry in random dot displays},
  author={Barlow, HB and Reeves, BC},
  journal={Vision research},
  volume={19},
  number={7},
  pages={783--793},
  year={1979},
  publisher={Elsevier}
} % used

@article{wagemans1998parallel,
  title={Parallel visual processes in symmetry perception: Normality and pathology},
  author={Wagemans, Johan},
  journal={Documenta ophthalmologica},
  year={1998}
} % used

@article{royer1981detection,
  title={Detection of symmetry.},
  author={Royer, Fred L},
  journal={Journal of Experimental Psychology: Human Perception and Performance},
  year={1981}
} % used

@inproceedings{kootstra2008paying,
  title={Paying attention to symmetry},
  author={Kootstra, Gert and Nederveen, Arco and De Boer, Bart},
  booktitle={British Machine Vision Conference (BMVC2008)},
  pages={1115--1125},
  year={2008},
  organization={The British Machine Vision Association and Society for Pattern Recognition}
} % used

@article{locher1989perceptual,
  title={The perceptual value of symmetry},
  author={Locher, P and Nodine, C},
  journal={Computers \& mathematics with applications},
  volume={17},
  number={4},
  pages={475--484},
  year={1989},
  publisher={Elsevier}
} % used

@inproceedings{lee2013detecting,
  title={Detecting curved symmetric parts using a deformable disc model},
  author={Sie Ho Lee, Tom and Fidler, Sanja and Dickinson, Sven},
  booktitle={Computer Vision (ICCV), 2013 IEEE International Conference on},
  pages={1753--1760},
  year={2013},
  organization={IEEE}
} % used

@incollection{leung1998contour,
  title={Contour continuity in region based image segmentation},
  author={Leung, Thomas and Malik, Jitendra},
  booktitle={Computer VisionâECCV'98},
  pages={544--559},
  year={1998},
  publisher={Springer}
} % used

@inproceedings{fowlkes2003learning,
  title={Learning affinity functions for image segmentation},
  author={Foulkes, C and Martin, D and Malik, J},
  booktitle={Proceedings IEEE Conference CVPR},
  volume={32},
  pages={8092--8096},
  year={2003}
} %used

@book{fowlkes2004much,
  title={How much does globalization help segmentation?},
  author={Fowlkes, Charless Christopher and Malik, Jitendra},
  year={2004},
  publisher={Computer Science Division, University of California}
} %used

@article{kokkinos2011inference,
  title={Inference and learning with hierarchical shape models},
  author={Kokkinos, Iasonas and Yuille, Alan},
  journal={International Journal of Computer Vision},
  volume={93},
  number={2},
  pages={201--225},
  year={2011},
  publisher={Springer}
} % used

@inproceedings{hariharan2011semantic,
  title={Semantic contours from inverse detectors},
  author={Hariharan, Bharath and Arbel{\'a}ez, Pablo and Bourdev, Lubomir and Maji, Subhransu and Malik, Jitendra},
  booktitle={Computer Vision (ICCV), 2011 IEEE International Conference on},
  pages={991--998},
  year={2011},
  organization={IEEE}
}

@inproceedings{arbelaez2009contours,
  title={From contours to regions: An empirical evaluation},
  author={Arbelaez, Pablo and Maire, Michael and Fowlkes, Charless and Malik, Jagannath},
  booktitle={Computer Vision and Pattern Recognition, 2009. CVPR 2009. IEEE Conference on},
  pages={2294--2301},
  year={2009},
  organization={IEEE}
} %USED

@article{pizer1994object,
  title={Object shape before boundary shape: Scale-space medial axes},
  author={Pizer, Stephen M and Burbeck, Christina A and Coggins, James M and Fritsch, Daniel S and Morse, Bryan S},
  journal={Journal of Mathematical Imaging and Vision},
  volume={4},
  number={3},
  pages={303--313},
  year={1994},
  publisher={Springer}
}

@incollection{rosten2006machine,
  title={Machine learning for high-speed corner detection},
  author={Rosten, Edward and Drummond, Tom},
  booktitle={Computer Vision--ECCV 2006},
  pages={430--443},
  year={2006},
  publisher={Springer}
}

@article{konishi2003statistical,
  title={Statistical edge detection: Learning and evaluating edge cues},
  author={Konishi, Scott and Yuille, Alan L and Coughlan, James M and Zhu, Song Chun},
  journal={IEEE Transactions on Pattern Analysis and Machine Intelligence},
  volume={25},
  number={1},
  pages={57--74},
  year={2003},
  publisher={IEEE}
}

@book{siddiqi2008medial,
  title={Medial representations: mathematics, algorithms and applications},
  author={Siddiqi, Kaleem and Pizer, Stephen},
  volume={37},
  year={2008},
  publisher={Springer Science \& Business Media}
}

@article{martin2004learning,
  title={Learning to detect natural image boundaries using local brightness, color, and texture cues},
  author={Martin, D.R. and Fowlkes, C.C. and Malik, J.},
  journal={PAMI},
  year={2004}
}

@article{arbelaez2011contour,
  title={Contour detection and hierarchical image segmentation},
  author={Arbelaez, P. and Maire, M. and Fowlkes, C. and Malik, J.},
  journal={IEEE Transactions on Pattern Analysis and Machine Intelligence},
  year={2011}
}

@article{lindeberg1998edge,
  title={Edge detection and ridge detection with automatic scale selection},
  author={Lindeberg, T.},
  journal={IJCV},
  year={1998}
}

@article{brady1984smoothed,
  title={Smoothed local symmetries and their implementation},
  author={Brady, M. and Asada, H.},
  journal={IJRR},
  year={1984}
}

@article{zhu1996forms,
  title={Forms: A flexible object recognition and modelling system},
  author={Zhu, S.C. and Yuille, A.L.},
  journal={IJCV},
  year={1996}
}

@article{kokkinos2010boundary,
  title={Boundary detection using f-measure-, filter-and feature-(F 3) boost},
  author={Kokkinos, I.},
  journal={ECCV},
  year={2010}
}

@article{viola2006multiple,
  title={Multiple instance boosting for object detection},
  author={Viola, P. and Platt, J. and Zhang, C.},
  journal={NIPS},
  year={2006}
}

@book{friedman2009elements,
  title={The elements of statistical learning: Data mining, inference, and prediction},
  author={Friedman, J. and Tibshirani, R. and Hastie, T.},
  year={2009},
  publisher={Springer-Verlag New York}
}

@article{van2006canonical,
  title={Canonical skeletons for shape matching},
  author={van Eede, M. and Macrini, D. and Telea, A. and Sminchisescu, C. and Dickinson, SS},
  journal={ICPR},
  year={2006}
}

@book{liu2009computational,
  title={Computational symmetry in computer vision and computer graphics},
  author={Liu, Y.},
  year={2009},
  publisher={Now publishers Inc}
}

@article{stark2009shape,
  title={A shape-based object class model for knowledge transfer},
  author={Stark, M. and Goesele, M. and Schiele, B.},
  journal={ICCV},
  year={2009}
}

@article{rubner2001empirical,
  title={Empirical evaluation of dissimilarity measures for color and texture},
  author={Rubner, Y. and Puzicha, J. and Tomasi, C. and Buhmann, J.M.},
  journal={CVIU},
  year={2001}
}

@article{martin2001database,
  author={Martin, D. and Fowlkes, C. and Tal, D. and Malik, J.},
  journal={ICCV}, 
  title={A database of human segmented natural images and its application to evaluating segmentation algorithms and measuring ecological statistics },
  year={2001}
}

@article{fowlkes2007local,
  title={Local figure--ground cues are valid for natural images},
  author={Fowlkes, C.C. and Martin, D.R. and Malik, J.},
  journal={JOV},
  year={2007}
}

@article{telea2004optimal,
  title={Optimal inference for hierarchical skeleton abstraction},
  author={Telea, A. and Sminchisescu, C. and Dickinson, S.},
  journal={Pattern Recognition},
  year={2004}
}

@article{telea2002augmented,
  title={An augmented fast marching method for computing skeletons and centerlines},
  author={Telea, A. and Van Wijk, J.J.},
  journal={Eurographics 2002},
  year={2002},
}

@article{canny1986computational,
  title={A computational approach to edge detection},
  author={Canny, J.},
  journal={PAMI},
  year={1986}
}

@article{blum1973biological,
  title={Biological shape and visual science (Part I)},
  author={Blum, H.},
  journal={Journal of theoretical Biology},
  year={1973}
}

@article{fogel1989gabor,
  title={Gabor filters as texture discriminator},
  author={Fogel, I. and Sagi, D.},
  journal={Biological cybernetics}
  year={1989}
}

@article{malik1990preattentive,
  title={Preattentive texture discrimination with early vision mechanisms},
  author={Malik, J. and Perona, P.},
  journal={JOSA A},
  year={1990}
}

@article{puzicha1999empirical,
  title={Empirical evaluation of dissimilarity measures for color and texture},
  author={Puzicha, J. and Buhmann, J.M. and Rubner, Y. and Tomasi, C.},
  journal={ICCV},
  year={1999}
}

@article{mallows1972note,
  title={A note on asymptotic joint normality},
  author={Mallows, CL},
  journal={AMS},
  year={1972}
}

@article{levina2001earth,
  title={The earth mover's distance is the Mallows distance: some insights from statistics},
  author={Levina, E. and Bickel, P.},
  journal={ICCV},
  year={2001}
}
@book{palmer1999vision,
  title={Vision science: Photons to phenomenology},
  author={Palmer, S.E.},
  year={1999},
  publisher={MIT press}
}
@book{tyler2002human,
  title={Human symmetry perception and its computational analysis.},
  author={Tyler, C.W.},
  year={2002},
  publisher={Lawrence Erlbaum Associates Publishers}
}
@article{leyton1992symmetry,
  title={Symmetry, Causality, Mind},
  author={Leyton, M.},
  journal={MIT Press},
  year={1992}
}
@article{rosten2006machine,
  title={Machine learning for high-speed corner detection},
  author={Rosten, E. and Drummond, T.},
  journal={ECCV},
  year={2006}
}
@article{blum1967transformation,
  title={A transformation for extracting new descriptors of shape},
  author={Blum, H.},
  journal={Models for the perception of speech and visual form},
  year={1967}
}
@article{haralick1983ridges,
  title={Ridges and valleys on digital images},
  author={Haralick, R.M.},
  journal={CVGIP},
  year={1983}
}
@article{eberly1994ridges,
  title={Ridges for image analysis},
  author={Eberly, D. and Gardner, R. and Morse, B. and Pizer, S. and Scharlach, C.},
  journal={JMIV},
  year={1994}
}
@article{lopez1999evaluation,
  title={Evaluation of methods for ridge and valley detection},
  author={L{\^o}pez, A.M. and Lumbreras, F. and Serrat, J. and Villanueva, J.J.},
  journal={PAMI},
  year={1999}
}
@article{lopez2000multilocal,
  title={Multilocal creaseness based on the level-set extrinsic curvature},
  author={L{\^o}pez, A.M. and Lloret, D. and Serrat, J. and Villanueva, J.J.},
  journal={CVIU},
  year={2000}
}
@article{pizer1998zoom,
  title={Zoom-Invariant Vision of Figural Shape: The Mathematics of Cores* 1},
  author={Pizer, S.M. and Eberly, D. and Fritsch, D.S. and Morse, B.S.},
  journal={CVIU},
  year={1998}
}
@article{steger1998unbiased,
  title={An unbiased detector of curvilinear structures},
  author={Steger, C.},
  journal={PAMI},
  year={1998}
}
@article{busch1996common,
  title={A common framework for the extraction of lines and edges},
  author={Busch, A.},
  journal={International Archives of Photogrammetry and Remote Sensing},
  year={1996}
}
@article{puzicha1999empirical,
  title={Empirical evaluation of dissimilarity measures for color and texture},
  author={Puzicha, J. and Buhmann, J.M. and Rubner, Y. and Tomasi, C.},
  journal={ICCV},
  year={1999}
}
@book{palmer1999vision,
  title={Vision science: Photons to phenomenology},
  author={Palmer, S.E.},
  year={1999},
  publisher={MIT Press}
}
@article{abdou1979quantitative,
  title={Quantitative design and evaluation of enhancement/thresholding edge detectors},
  author={Abdou, I.E. and Pratt, W.K.},
  journal={Proceedings of the IEEE},
  year={1979}
}
@book{weyl1989symmetry,
  title={Symmetry. 1952},
  author={Weyl, Hermann},
  journal={Princeton University, Princeton, NJ},
  year={1989}
}
@book{coxeter1984generators,
  title={Generators and relations for discrete groups},
  author={Coxeter, H.S.M.},
  year={1984}
}
@book{conway2008symmetries,
  title={The symmetries of things},
  author={Conway, J.H. and Burgiel, H. and Goodman-Strauss, C.},
  year={2008},
  publisher={AK Peters Wellesley, MA}
}
@book{maragos2005image,
  title={Image Analysis and Computer Vision},
  author={Maragos, P.},
  year={2005},
  publisher={National Technical University of Athens}
}
@article{kokkinos2010boundary,
  title={Boundary detection using f-measure-, filter-and feature-(F 3) boost},
  author={Kokkinos, I.},
  journal={ECCV},
  year={2010}
}
@inproceedings{kokkinos2006bottom,
  title={Bottom-up \& top-down object detection using primal sketch features and graphical models},
  author={Kokkinos, I. and Maragos, P. and Yuille, A.},
  booktitle={CVPR},
  volume={2},
  pages={1893--1900},
  year={2006},
  organization={IEEE}
}
@article{shi2000normalized,
  title={Normalized cuts and image segmentation},
  author={Shi, J. and Malik, J.},
  journal={PAMI},
  year={2000}
}
@article{cour2005spectral,
  title={Spectral segmentation with multiscale graph decomposition},
  author={Cour, T. and Benezit, F. and Shi, J.},
  journal={CVPR},
  year={2005}
}
@article{konishi2003statistical,
  title={Statistical edge detection: Learning and evaluating edge cues},
  author={Konishi, S. and Yuille, A.L. and Coughlan, J.M. and Zhu, S.C.},
  journal={PAMI},
  year={2003}
}
@article{dollar2006supervised,
  title={Supervised learning of edges and object boundaries},
  author={Dollar, P. and Tu, Z. and Belongie, S.},
  journal={CVPR},
  year={2006}
}

@article{adelson2001seeing,
  title={On seeing stuff: the perception of materials by humans and machines},
  author={Adelson, E.H.},
  journal={SPIE},
  year={2001}
}
@article{viola2001rapid,
  title={Rapid object detection using a boosted cascade of simple features},
  author={Viola, P. and Jones, M.},
  journal={CVPR},
  year={2001}
}
@article{kokkinos2010highly,
  title={Highly accurate boundary detection and grouping},
  author={Kokkinos, I.},
  journal={CVPR},
  year={2010}
}
@article{papageorgiou1998general,
  title={A general framework for object detection},
  author={Papageorgiou, C.P. and Oren, M. and Poggio, T.},
  journal={ICCV},
  year={1998}
}
@article{levinshtein2009multiscale,
  title={Multiscale symmetric part detection and grouping},
  author={Levinshtein, A. and Dickinson, S. and Sminchisescu, C.},
  journal={ICCV},
  year={2009}
}
@article{demirci2009skeletal,
  title={Skeletal shape abstraction from examples},
  author={Demirci, M.F. and Shokoufandeh, A. and Dickinson, S.J.},
  journal={PAMI},
  year={2009}
}
@article{siddiqi2002hamilton,
  title={Hamilton-jacobi skeletons},
  author={Siddiqi, K. and Bouix, S. and Tannenbaum, A. and Zucker, S.W.},
  journal={IJCV},
  year={2002}
}
@article{catanzaro2009efficient,
  title={Efficient, high-quality image contour detection},
  author={Catanzaro, B. and Su, B.Y. and Sundaram, N. and Lee, Y. and Murphy, M. and Keutzer, K.},
  journal={ICCV},
  year={2009}
}
@article{ng2002spectral,
  title={On spectral clustering: Analysis and an algorithm},
  author={Ng, A.Y. and Jordan, M.I. and Weiss, Y.},
  journal={NIPS},
  year={2002}
}
@article{maji2011biased,
  title={Biased normalized cuts},
  author={Maji, S. and Vishnoi, N.K. and Malik, J.},
  journal={CVPR},
  year={2011}
}
@inproceedings{apostoloff2005learning,
  title={Learning spatiotemporal T-junctions for occlusion detection},
  author={Apostoloff, Nicholas and Fitzgibbon, Andrew},
  booktitle={IEEE Conference on Computer Vision and Pattern Recognition},
  volume={2},
  pages={553--559},
  year={2005},
  organization={IEEE}
}
@inproceedings{maire2008using,
  title={Using contours to detect and localize junctions in natural images},
  author={Maire, Michael and Arbel{\'a}ez, Pablo and Fowlkes, Charless and Malik, Jitendra},
  booktitle={Computer Vision and Pattern Recognition, 2008. CVPR 2008. IEEE Conference on},
  pages={1--8},
  year={2008},
  organization={IEEE}
}
@unpublished{babenkomultiple,
  title={Multiple Instance Learning: Algorithms and Applications},
  author={Babenko, B.}
}
@inproceedings{keeler1990integrated,
  title={Integrated segmentation and recognition of hand-printed numerals},
  author={Keeler, J.D. and Rumelhart, D.E. and Leow, W.K.},
  booktitle={NIPS},
  year={1990}
}
@article{park2011translation,
  title={Translation-symmetry-based perceptual grouping with applications to urban scenes},
  author={Park, M. and Brocklehurst, K. and Collins, R. and Liu, Y.},
  journal={ACCV},
  year={2011}, 
}
@inproceedings{lee2009curved,
  title={Curved glide-reflection symmetry detection},
  author={Lee, S. and Liu, Y.},
  booktitle={Computer Vision and Pattern Recognition, 2009. CVPR 2009. IEEE Conference on},
  year={2009}
}
@article{babenko2008simultaneous,
  title={Simultaneous learning and alignment: Multi-instance and multi-pose learning},
  author={Babenko, B. and Doll{\'a}r, P. and Tu, Z. and Belongie, S. and others},
  year={2008}
}
\end{}

% ===============================================================================================================
% OID bibliography 
% ===============================================================================================================
\begin{}
@inproceedings{vedaldi2014understanding,
  title={Understanding objects in detail with fine-grained attributes},
  author={Vedaldi, Andrea and Mahendran, Siddarth and Tsogkas, Stavros and Maji, Subhrajyoti and Girshick, Ross and Kannala, Juho and Rahtu, Esa and Kokkinos, Iasonas and Blaschko, Matthew B and Weiss, Daniel and others},
  booktitle={Computer Vision and Pattern Recognition (CVPR), 2014 IEEE Conference on},
  pages={3622--3629},
  year={2014},
  organization={IEEE}
}
@inproceedings{chai2012tricos,
  title={Tricos: A tri-level class-discriminative co-segmentation method for image classification},
  author={Chai, Yuning and Rahtu, Esa and Lempitsky, Victor and Van Gool, Luc and Zisserman, Andrew},
  booktitle={Computer Vision--ECCV 2012},
  pages={794--807},
  year={2012},
  publisher={Springer}
}
@inproceedings{nilsback2008automated,
  title={Automated flower classification over a large number of classes},
  author={Nilsback, Maria-Elena and Zisserman, Andrew},
  booktitle={Computer Vision, Graphics \& Image Processing, 2008. ICVGIP'08. Sixth Indian Conference on},
  pages={722--729},
  year={2008},
  organization={IEEE}
}
@inproceedings{parkhi2012cats,
  title={Cats and dogs},
  author={Parkhi, Omkar M and Vedaldi, Andrea and Zisserman, Andrew and Jawahar, CV},
  booktitle={Computer Vision and Pattern Recognition (CVPR), 2012 IEEE Conference on},
  pages={3498--3505},
  year={2012},
  organization={IEEE}
}
@techreport{maji13fine-grained,
	Archiveprefix = {arXiv},
	Author = {S. Maji and J. Kannala and E. Rahtu and M. Blaschko and A. Vedaldi},
	Eprint = {1306.5151},
	Primaryclass = {cs-cv},
	Title = {Fine-Grained Visual Classification of Aircraft},
	Year = {2013}
}
@inproceedings{Zhu12dowe,
	Author = {Xiangxin Zhu and Carl Vondrick and Deva Ramanan and Charless Fowlkes},
	Journal = {{BMVC}},
	Doi = {http://dx.doi.org/10.5244/C.26.80},
	Editors = {Bowden, Richard and Collomosse, John and Mikolajczyk, Krystian},
	Isbn = {1-901725-46-4},
	Pages = {},
	Publisher = {BMVA Press},
	Title = {Do We Need More Training Data or Better Models for Object Detection?},
	Year = {2012}
}
@inproceedings{matzen13nyc,
	Author = {Kevin Matzen and Noah Snavely},
	Booktitle = iccv,
	Title = {NYC3DCars: A Dataset of 3D Vehicles in Geographic Context},
	Year = {2013}
}
@inproceedings{deng2011fast,
  title={Fast and balanced: Efficient label tree learning for large scale object recognition},
  author={Deng, Jia and Satheesh, Sanjeev and Berg, Alexander C and Li, Fei},
  booktitle={Advances in Neural Information Processing Systems},
  pages={567--575},
  year={2011}
} % used
@book{mitzenmacher2005probability,
  title={Probability and computing: Randomized algorithms and probabilistic analysis},
  author={Mitzenmacher, Michael and Upfal, Eli},
  year={2005},
  publisher={Cambridge University Press}
} % used
@article{andreetto2012unsupervised,
  title={Unsupervised learning of categorical segments in image collections},
  author={Andreetto, Marco and Zelnik-Manor, Lihi and Perona, Pietro},
  journal={IEEE Transactions on Pattern Analysis and Machine Intelligence},
  volume={34},
  number={9},
  pages={1842--1855},
  year={2012},
  publisher={IEEE}
} % used
@article{amit1999computational,
  title={A computational model for visual selection},
  author={Amit, Yali and Geman, Donald},
  journal={Neural computation},
  volume={11},
  number={7},
  pages={1691--1715},
  year={1999},
  publisher={MIT Press}
} % used
@article{amit2004coarse,
  title={A coarse-to-fine strategy for multiclass shape detection},
  author={Amit, Yali and Geman, Donald and Fan, Xiaodong},
  journal={IEEE Transactions on Pattern Analysis and Machine Intelligence},
  volume={26},
  number={12},
  pages={1606--1621},
  year={2004},
  publisher={IEEE}
} % used
@misc{voc-release5,
	Author = {Girshick, R. B. and Felzenszwalb, P. F. and McAllester, D.},
	Howpublished = {http://people.cs.uchicago.edu/\url{~}rbg/latent-release5/},
	Title = {Discriminatively Trained Deformable Part Models, Release 5}
}
@article{lsvm-pami,
	Author = {Felzenszwalb, P. F. and Girshick, R. B. and McAllester, D. and Ramanan, D.},
	Journal = pami,
	Number = {9},
	Pages = {1627--1645},
	Title = {Object Detection with Discriminatively Trained Part Based Models},
	Volume = {32},
	Year = {2010}
}
@inproceedings{deng13fine-grained,
	Author = {Jia Deng and Jonathan Krause and Li Fei-Fei},
	Booktitle = cvpr,
	Title = {Fine-Grained Crowdsourcing for Fine-Grained Recognition},
	Year = {2013}
}
@inproceedings{chatfield11the-devil,
	Author = {K. Chatfield and V. Lempitsky and A. Vedaldi and A. Zisserman},
	Booktitle = bmvc,
	Title = {The devil is in the details: an evaluation of recent feature encoding methods},
	Year = {2011}
}
@inproceedings{maji12discovering,
	Author = {S. Maji},
	Booktitle = {{ECCV} Workshop},
	Title = {Discovering a Lexicon of Parts and Attributes},
	Year = {2012}
}
@inproceedings{hoiem12diagnosing,
	Author = {D. Hoiem and Y. Chodpathumwan and Q. Dai},
	Booktitle = eccv,
	Title = {Diagnosing Error in Object Detectors},
	Year = {2012}
}
@inproceedings{torresani10efficient,
	Author = {L. Torresani and M. Summer and A. Fitzgibbon},
	Booktitle = eccv,
	Title = {Efficient object category recognition using classemes},
	Year = {2010}
}
@inproceedings{parkash12attributes,
	Author = {A. Parkash and D. Parikh},
	Booktitle = eccv,
	Title = {Attributes for Classifier Feedback},
	Year = {2012}
}
@inproceedings{wang10comparative,
	Author = {G. Wang and D. Forsyth and D. Hoiem},
	Booktitle = cvpr,
	Title = {Comparative object similarity for improved recognition with few or no examples},
	Year = {2010}
}
@inproceedings{donahue11annotator,
	Author = {J. Donahue and K. Grauman},
	Booktitle = iccv,
	Title = {Annotator rationales for visual recognition},
	Year = {2011}
}
@inproceedings{siddiquie11image,
	Author = {B. Siddiquie and R. S. Feris and L. S. Davis},
	Booktitle = cvpr,
	Title = {Image ranking and retrieval based on multi-attribute queries},
	Year = {2011}
}
@inproceedings{kumar08facetracer,
	Author = {N. Kumar and P. Belhumeur and S. Nayar},
	Booktitle = eccv,
	Title = {Facetracer: A search engine for large collections of images with faces},
	Year = {2008}
}
@inproceedings{douze11combining,
	Author = {M. Douze and A. Ramisa and C. Schmid},
	Booktitle = cvpr,
	Title = {Combining attributes and Fisher vectors for efficient image retrieval},
	Year = {2011}
}
@inproceedings{endres10the-benefits,
	Author = {I. Endres and A. Farhadi and D. Hoiem and D. A. Forsyth},
	Booktitle = {Proc. {ACVHL} Wokrshop (with {CVPR})},
	Title = {The Benefits and Challenges of Collecting Richer Object Annotations},
	Year = {2010}
}
@inproceedings{ordonez11im2text,
	Author = {V. Ordonez and G. Kulkarni and T. L. Berg},
	Booktitle = nips,
	Title = {Im2Text: Describing Images Using 1 Million Captioned Photographs},
	Year = {2011}
}
@article{mitchell12midge,
	Author = {M. Mitchell and J. Dodge and A. Goyal and K. Yamaguchi and K. Stratosi and X. Han and A. Mensch and A. Berg and T. Berg and H. Daum{\'e}~III},
	Journal = {{EACL}},
	Title = {Midge: Generating Image Descriptions From Computer Vision Detections},
	Year = {2012}
}
@inproceedings{kovashka12whittlesearch,
	Author = {A. Kovashka and D. Parikh and K. Grauman},
	Booktitle = cvpr,
	Title = {WhittleSearch: Image Search with Relative Attribute Feedback},
	Year = {2012}
}
@techreport{wah11the-caltech-ucsd,
	Author = {Wah, C. and Branson, S. and Welinder, P. and Perona, P. and Belongie, S.},
	Institution = {},
	Title = {The Caltech-UCSD Birds-200-2011 Dataset},
	Year = {2011}
}
@techreport{geman95coarse-to-fine,
	Author = {S. Geman and K. Manbeck and D. E. McClure},
	Institution = {Brown University},
	Title = {Coarse-to-Fine Search and Rank-Sum Statistics in Object Recognition},
	Year = {1995}
}
@inproceedings{parikh11interactively,
	Author = {D. Parikh and G. Grauman},
	Booktitle = cvpr,
	Title = {Interactively Building a Discriminative Vocabulary of Nameable Attributes},
	Year = {2011}
}
@inproceedings{farhadi10every,
	Author = {A. Farhadi and M. Hejrati and M. Amin Sadeghi and P. Young and C. Rashtchian and J. Hockenmaier and D. Forsyth},
	Booktitle = eccv,
	Title = {Every Picture Tells a Story: Generating Sentences from Images},
	Year = {2010}
}
@inproceedings{farhadi10attribute-centric,
	Author = {A. Farhadi and I. Endres and D. Hoiem},
	Booktitle = cvpr,
	Title = {Attribute-Centric Recognition for Cross-category Generalization},
	Year = {2010}
}
@article{russakovsky10attribute,
	Author = {O. Russakovsky and L. Fei-Fei},
	Journal = {{ECCV} Workshop Parts and Attributes},
	Title = {Attribute learning in large-scale datasets},
	Year = {2010}
}
@inproceedings{wang09joint,
	Author = {G. Wang and D. Forsyth},
	Booktitle = iccv,
	Title = {Joint learning of visual attributes, object classes and visual saliency},
	Year = {2009}
}
@inproceedings{wang10a-discriminative,
	Author = {Y. Wang and G. Mori},
	Booktitle = eccv,
	Title = {A Discriminative Latent Model of Object Classes and Attributes},
	Year = {2010}
}
@inproceedings{kumar09attribute,
	Author = {N. Kumar and A. C. Berg and P. N. Belhumeur and S. K. Nayar},
	Booktitle = iccv,
	Title = {Attribute and Simile Classifiers for Face Verification},
	Year = {2009}
}

@inproceedings{parikh11relative,
	Author = {D. Parikh and K. Grauman},
	Booktitle = iccv,
	Title = {Relative Attributes},
	Year = {2011}
}
	
@inproceedings{berg10automatic,
	Author = {T. L. Berg and A. C. Berg and J. Shih},
	Booktitle = eccv,
	Title = {Automatic Attribute Discovery and Characterization from Noisy Web Data},
	Year = {2010}
}
	
@inproceedings{kulkarni11baby,
	Author = {G. Kulkarni and V. Premraj and S. Dhar and S. Li and Y. Choi and A. C. Berg and T. L. Berg},
	Booktitle = cvpr,
	Title = {Baby Talk: Understanding and Generating Image Descriptions},
	Year = {2011}
}
	
@inproceedings{wang09Blearning,
	Author = {J. Wang and K. Markert and M. Everingham},
	Booktitle = bmvc,
	Title = {Learning Models for Object Recognition from Natural Language Descriptions},
	Year = {2009}
}
	
@inproceedings{lampert09learning,
	Author = {C. Lampert and H. Nickisch and S. Harmeling},
	Booktitle = cvpr,
	Title = {Learning to Detect Unseen Object Classes by Between-Class Attribute Transfer},
	Year = {2009}
}

@inproceedings{farhadi09describing,
	Author = {A. Farhadi and I. Endres and D. Hoiem and D. Forsyth},
	Booktitle = cvpr,
	Title = {Describing Objects by Their Attributes},
	Year = {2009}
}

@inproceedings{bourdev09poselets,
	Author = {L. Bourdev and J. Malik},
	Booktitle = iccv,
	Title = {Poselets: Body Part Detectors Trained Using {3D} Human Pose Annotations},
	Year = {2009}
}

@inproceedings{lampert09detecting,
	Author = {C. H. Lampert},
	Booktitle = iccv,
	Title = {Detecting Objects in Large Image Collections and Videos by {\em Efficient Subimage Retrieval}},
	Year = {2009}
}

@techreport{russel05labelme,
	Author = {B. C. Russel and A. Torralba and K. P. Murphy and W. T. Freeman},
	Institution = {{MIT AI Lab}},
	Number = {{AIM-2005-025}},
	Title = {LabelMe: a database and web-based tool for image annotation},
	Year = {2005}
}
	
@article{fei-fei03a-bayesian,
	Author = {Fei-Fei, L. and Fergus, R. and Perona, P.},
	Journal = {{ICCV}},
	Title = {A {Bayesian} Approach to Unsupervised One-Shot Learning of Object Categories},
	Year = {2003}
}
\end{}

% ===============================================================================================================
% PART SEGMENTATION AND DETECTION
% ===============================================================================================================
\begin{}
@article{chandra2015accurate,
  title={Accurate Human-Limb Segmentation in RGB-D images for Intelligent Mobility Assistance Robots},
  author={Chandra, Siddhartha and Tsogkas, Stavros and Kokkinos, Iasonas},
  journal={Third Workshop on Assistive Computer Vision and Robotics (in conjunction with ICCV)},
  year={2015}
}
@misc{worth1996internet,
  title={Internet brain segmentation repository},
  author={Worth, A},
  year={1996}
}
@techreport{huang2007labeled,
  title={Labeled faces in the wild: A database for studying face recognition in unconstrained environments},
  author={Huang, Gary B and Ramesh, Manu and Berg, Tamara and Learned-Miller, Erik},
  year={2007},
  institution={Technical Report 07-49, University of Massachusetts, Amherst}
}
@article{wang2015joint,
  title={Joint Object and Part Segmentation using Deep Learned Potentials},
  author={Wang, Peng and Shen, Xiaohui and Lin, Zhe and Cohen, Scott and Price, Brian and Yuille, Alan},
  journal={International Conference on Computer Computer Vision (ICCV)},
  year={2015}
}
@book{murphy2012machine,
  title={Machine learning: a probabilistic perspective},
  author={Murphy, Kevin P},
  year={2012},
  publisher={MIT press}
} %used

@article{quattoni2007hidden,
  title={Hidden conditional random fields},
  author={Quattoni, Ariadna and Wang, Sybor and Morency, Louis-Philippe and Collins, Michael and Darrell, Trevor},
  journal={IEEE Transactions on Pattern Analysis \& Machine Intelligence},
  number={10},
  pages={1848--1852},
  year={2007},
  publisher={IEEE}
} % used

@inproceedings{he2004multiscale,
  title={Multiscale conditional random fields for image labeling},
  author={He, Xuming and Zemel, Richard S and Carreira-Perpi{\~n}{\'a}n, Miguel {\'A}},
  booktitle={Computer vision and pattern recognition, 2004. CVPR 2004. Proceedings of the 2004 IEEE computer society conference on},
  volume={2},
  pages={II--695},
  year={2004},
  organization={IEEE}
} %USED

@inproceedings{krahenbuhl2011efficient,
  title={Efficient Inference in Fully Connected CRFs with Gaussian Edge Potentials},
  author={Kr{\"a}henb{\"u}hl, Philipp and Koltun, Vladlen},
  booktitle={Advances in Neural Information Processing Systems},
  pages={109--117},
  year={2011}
} % used

@article{cootes2001active,
  title={Active appearance models},
  author={Cootes, Timothy F and Edwards, Gareth J and Taylor, Christopher J},
  journal={IEEE Transactions on Pattern Analysis \& Machine Intelligence},
  number={6},
  pages={681--685},
  year={2001},
  publisher={IEEE}
}

@article{wan2014end,
  title={End-to-End Integration of a Convolutional Network, Deformable Parts Model and Non-Maximum Suppression},
  author={Wan, Li and Eigen, David and Fergus, Rob},
  journal={arXiv preprint arXiv:1411.5309},
  year={2014}
} % used

@article{schwing2015fully,
  title={Fully connected deep structured networks},
  author={Schwing, Alexander G and Urtasun, Raquel},
  journal={arXiv preprint arXiv:1503.02351},
  year={2015}
} % used

@inproceedings{tompson2014joint,
  title={Joint training of a convolutional network and a graphical model for human pose estimation},
  author={Tompson, Jonathan J and Jain, Arjun and LeCun, Yann and Bregler, Christoph},
  booktitle={Advances in Neural Information Processing Systems},
  pages={1799--1807},
  year={2014}
} % USED

@article{long2014fully,
  title={Fully convolutional networks for semantic segmentation},
  author={Long, Jonathan and Shelhamer, Evan and Darrell, Trevor},
  journal={arXiv preprint arXiv:1411.4038},
  year={2014}
} % used

@article{chen2014semantic,
  title={Semantic image segmentation with deep convolutional nets and fully connected crfs},
  author={Chen, Liang-Chieh and Papandreou, George and Kokkinos, Iasonas and Murphy, Kevin and Yuille, Alan L},
  journal={arXiv preprint arXiv:1412.7062},
  year={2014}
} %used

@article{papandreou2014untangling,
  title={Untangling local and global deformations in deep convolutional networks for image classification and sliding window detection},
  author={Papandreou, George and Kokkinos, Iasonas and Savalle, Pierre-Andr{\'e}},
  journal={arXiv preprint arXiv:1412.0296},
  year={2014}
} % used

@article{szegedy2014going,
  title={Going deeper with convolutions},
  author={Szegedy, Christian and Liu, Wei and Jia, Yangqing and Sermanet, Pierre and Reed, Scott and Anguelov, Dragomir and Erhan, Dumitru and Vanhoucke, Vincent and Rabinovich, Andrew},
  journal={arXiv preprint arXiv:1409.4842},
  year={2014}
} % used

@article{simonyan2014very,
  title={Very deep convolutional networks for large-scale image recognition},
  author={Simonyan, Karen and Zisserman, Andrew},
  journal={arXiv preprint arXiv:1409.1556},
  year={2014}
} %used

@article{cho2015unsupervised,
  title={Unsupervised Object Discovery and Localization in the Wild: Part-based Matching with Bottom-up Region Proposals},
  author={Cho, Minsu and Kwak, Suha and Schmid, Cordelia and Ponce, Jean},
  journal={arXiv preprint arXiv:1501.06170},
  year={2015}
}

@inproceedings{sun2013learning,
  title={Learning discriminative part detectors for image classification and cosegmentation},
  author={Sun, Jian and Ponce, Jean},
  booktitle={Computer Vision (ICCV), 2013 IEEE International Conference on},
  pages={3400--3407},
  year={2013},
  organization={IEEE}
}

@article{sharon2006hierarchy,
  title={Hierarchy and adaptivity in segmenting visual scenes},
  author={Sharon, Eitan and Galun, Meirav and Sharon, Dahlia and Basri, Ronen and Brandt, Achi},
  journal={Nature},
  volume={442},
  number={7104},
  pages={810--813},
  year={2006},
  publisher={Nature Publishing Group}
}

@incollection{wang2007object,
  title={Object detection combining recognition and segmentation},
  author={Wang, Liming and Shi, Jianbo and Song, Gang and Shen, I-fan},
  booktitle={ACCV},
  year={2007},
}

@inproceedings{dun12discovering,
	Author = {K. Dun and D. Parikh and D. Crandall and K. Grauman},
	Booktitle = cvpr,
	Title = {Discovering Localized Attributes for Fine-grained Recognition},
	Year = {2012},
}

@InProceedings{BharathCVPR2014a,
  author       = "Bharath Hariharan and C. Lawrence Zitnick and Piotr Doll{\'a}r",
  title        = "Detecting Objects using Deformation Dictionaries",
  booktitle    = cvpr,
  year         = "2014",
}

@inproceedings{hoiem20073d,
  title={3d layoutcrf for multi-view object class recognition and segmentation},
  author={Hoiem, Derek and Rother, Carsten and Winn, John},
  booktitle=cvpr,
  pages={1--8},
  year={2007},
  organization={IEEE}
} % used

@incollection{bonev2014fast,
  title={A Fast and Simple Algorithm for Producing Candidate Regions},
  author={Bonev, Boyan and Yuille, Alan L},
  booktitle=eccv,
  pages={535--549},
  year={2014},
  publisher={Springer}
}


@inproceedings{sun2011articulated,
  title={Articulated part-based model for joint object detection and pose estimation},
  author={Sun, Min and Savarese, Silvio},
  booktitle=iccv,
  pages={723--730},
  year={2011},
  organization={IEEE}
}

@inproceedings{sun2009multi,
  title={A multi-view probabilistic model for 3d object classes},
  author={Sun, Min and Su, Hao and Savarese, Silvio and Fei-Fei, Li},
  booktitle=cvpr,
  pages={1247--1254},
  year={2009},
  organization={IEEE}
}

@inproceedings{endres2012learning,
  title={Learning shared body plans},
  author={Endres, Ian and Srikumar, Vivek and Chang, Ming-Wei and Hoiem, Derek},
  booktitle=cvpr,
  pages={3130--3137},
  year={2012},
  organization={IEEE}
}

@article{lu2014parsing,
  title={Parsing Semantic Parts of Cars Using Graphical Models and Segment Appearance Consistency},
  author={Lu, Wenhao and Lian, Xiaochen and Yuille, Alan},
  journal=bmvc,
  year={2014}
}


@article{tighe2014scene,
  title={ Scene Parsing with Object Instance Inference Using Regions and Per-exemplar Detectors},
  author={Tighe, Joseph and Niethammer, Marc and Lazebnik, Svetlana},
  booktitle=ijcv,
  year={2014},
  organization={IEEE}
}

@inproceedings{Aabry2014seeing,
  title={Seeing 3D chairs: exemplar part-based 2D-3D alignment using a large dataset of CAD models},
  author={Aubry, Mathieu and Maturana, Daniel and Efros, Alexei, and Russell, Bryan and Sivic, Josef},
  booktitle=cvpr,
  year={2014},
}

@inproceedings{arbelaez2012semantic,
  title={Semantic segmentation using regions and parts},
  author={Arbel{\'a}ez, Pablo and Hariharan, Bharath and Gu, Chunhui and Gupta, Saurabh and Bourdev, Lubomir and Malik, Jitendra},
  booktitle=cvpr,
  pages={3378--3385},
  year={2012},
  organization={IEEE}
}

@incollection{he2014spatial,
  title={Spatial pyramid pooling in deep convolutional networks for visual recognition},
  author={He, Kaiming and Zhang, Xiangyu and Ren, Shaoqing and Sun, Jian},
  booktitle=eccv,
  pages={346--361},
  year={2014},
  publisher={Springer}
}

@incollection{carreira2012semantic,
  title={Semantic segmentation with second-order pooling},
  author={Carreira, Jo{\~a}o and Caseiro, Rui and Batista, Jorge and Sminchisescu, Cristian},
  booktitle=eccv,
  pages={430--443},
  year={2012},
  publisher={Springer}
}

@inproceedings{bo2011shape,
  title={Shape-based pedestrian parsing},
  author={Bo, Yihang and Fowlkes, Charless C},
  booktitle=cvpr,
  pages={2265--2272},
  year={2011},
  organization={IEEE}
} % used

@inproceedings{winn2006layout,
  title={The layout consistent random field for recognizing and segmenting partially occluded objects},
  author={Winn, John and Shotton, Jamie},
  booktitle=cvpr,
  volume={1},
  pages={37--44},
  year={2006},
  organization={IEEE}
} % used

@inproceedings{kae2013augmenting,
  title={Augmenting CRFs with Boltzmann machine shape priors for image labeling},
  author={Kae, Andrew and Sohn, Kihyuk and Lee, Honglak and Learned-Miller, Erik},
  booktitle={Computer Vision and Pattern Recognition (CVPR), 2013 IEEE Conference on},
  pages={2019--2026},
  year={2013},
  organization={IEEE}
}
@article{lafferty2001conditional,
  title={Conditional random fields: Probabilistic models for segmenting and labeling sequence data},
  author={Lafferty, John and McCallum, Andrew and Pereira, Fernando CN},
  year={2001}
}

@inproceedings{chen2014detect,
  title={Detect what you can: Detecting and representing objects using holistic models and body parts},
  author={Chen, Xianjie and Mottaghi, Roozbeh and Liu, Xiaobai and Fidler, Sanja and Urtasun, Raquel and Yuille, Alan},
  booktitle={Computer Vision and Pattern Recognition (CVPR), 2014 IEEE Conference on},
  year={2014}
} % used

@inproceedings{wang2015semantic,
  title={Semantic Part Segmentation using Compositional Model combining Shape and Appearance},
  author={Wang, Jianyu and Yuille, Alan},
  booktitle={Computer Vision and Pattern Recognition (CVPR), 2013 IEEE Conference on},
  year={2015}
}

@inproceedings{luo2013pedestrian,
  title={Pedestrian parsing via deep decompositional network},
  author={Luo, Ping and Wang, Xiaogang and Tang, Xiaoou},
  booktitle={Computer Vision (ICCV), 2013 IEEE International Conference on},
  year={2013},
}

@inproceedings{huang2007unsupervised,
  title={Unsupervised joint alignment of complex images},
  author={Huang, Gary B and Jain, Vidit and Learned-Miller, Erik},
  booktitle={Computer Vision, 2007. ICCV 2007. IEEE 11th International Conference on},
  year={2007},
}

@article{eslami2014shape,
  title={The shape boltzmann machine: a strong model of object shape},
  author={Eslami, SM Ali and Heess, Nicolas and Williams, Christopher KI and Winn, John},
  journal={ijcv},
  volume={107},
  number={2},
  pages={155--176},
  year={2014},
  publisher={Springer}
} %USED

@inproceedings{eslami2012generative,
  title={A generative model for parts-based object segmentation},
  author={Eslami, S and Williams, Christopher},
  booktitle=nips,
  pages={100--107},
  year={2012}
} %USED
\end{}

% ===========================================================================================
% NEURAL NETWORKS BOLTZMANN MACHINES DEEP LEARNING
% ===========================================================================================
\begin{}
@article{ji20133d,
  title={3D convolutional neural networks for human action recognition},
  author={Ji, Shuiwang and Xu, Wei and Yang, Ming and Yu, Kai},
  journal={Pattern Analysis and Machine Intelligence, IEEE Transactions on},
  volume={35},
  number={1},
  pages={221--231},
  year={2013},
  publisher={IEEE}
}
@article{mnih2012conditional,
  title={Conditional restricted boltzmann machines for structured output prediction},
  author={Mnih, Volodymyr and Larochelle, Hugo and Hinton, Geoffrey E},
  journal={arXiv preprint arXiv:1202.3748},
  year={2012}
}
@inproceedings{zeiler2010deconvolutional,
  title={Deconvolutional networks},
  author={Zeiler, Matthew D and Krishnan, Dilip and Taylor, Graham W and Fergus, Rob},
  booktitle={Computer Vision and Pattern Recognition (CVPR), 2010 IEEE Conference on},
  pages={2528--2535},
  year={2010},
  organization={IEEE}
}
@incollection{zeiler2014visualizing,
  title={Visualizing and understanding convolutional networks},
  author={Zeiler, Matthew D and Fergus, Rob},
  booktitle={Computer Vision--ECCV 2014},
  pages={818--833},
  year={2014},
  publisher={Springer}
}
@article{chatfield2014return,
  title={Return of the devil in the details: Delving deep into convolutional nets},
  author={Chatfield, Ken and Simonyan, Karen and Vedaldi, Andrea and Zisserman, Andrew},
  journal={arXiv preprint arXiv:1405.3531},
  year={2014}
}
@article{srivastava2014dropout,
  title={Dropout: A simple way to prevent neural networks from overfitting},
  author={Srivastava, Nitish and Hinton, Geoffrey and Krizhevsky, Alex and Sutskever, Ilya and Salakhutdinov, Ruslan},
  journal={The Journal of Machine Learning Research},
  volume={15},
  number={1},
  pages={1929--1958},
  year={2014},
  publisher={JMLR. org}
}
@article{rumelhart1988learning,
  title={Learning representations by back-propagating errors},
  author={Rumelhart, David E and Hinton, Geoffrey E and Williams, Ronald J},
  journal={Cognitive modeling},
  volume={5},
  pages={3},
  year={1988}
}
@article{minsky1969perceptrons,
  title={Perceptrons.},
  author={Minsky, Marvin and Seymour, Papert},
  year={1969},
  publisher={MIT press}
}
@article{fukushima1980neocognitron,
  title={Neocognitron: A self-organizing neural network model for a mechanism of pattern recognition unaffected by shift in position},
  author={Fukushima, Kunihiko},
  journal={Biological cybernetics},
  volume={36},
  number={4},
  pages={193--202},
  year={1980},
  publisher={Springer}
}
@article{rosenblatt1958perceptron,
  title={The perceptron: a probabilistic model for information storage and organization in the brain.},
  author={Rosenblatt, Frank},
  journal={Psychological review},
  volume={65},
  number={6},
  pages={386},
  year={1958},
  publisher={American Psychological Association}
}
@inproceedings{yang2014max,
  title={Max-margin boltzmann machines for object segmentation},
  author={Yang, Jimei and Safar, Simon and Yang, Ming-Hsuan},
  booktitle={Computer Vision and Pattern Recognition (CVPR), 2014 IEEE Conference on},
  pages={320--327},
  year={2014},
  organization={IEEE}
}
@article{mnih2012conditional,
  title={Conditional restricted boltzmann machines for structured output prediction},
  author={Mnih, Volodymyr and Larochelle, Hugo and Hinton, Geoffrey E},
  journal={arXiv preprint arXiv:1202.3748},
  year={2012}
} % used
@inproceedings{larochelle2008classification,
  title={Classification using discriminative restricted Boltzmann machines},
  author={Larochelle, Hugo and Bengio, Yoshua},
  booktitle={Proceedings of the 25th international conference on Machine learning},
  pages={536--543},
  year={2008},
  organization={ACM}
} %used
@article{hinton1984distributed,
  title={Distributed representations},
  author={Hinton, Geoffrey E},
  year={1984}
} % used
@article{hinton2010practical,
  title={A practical guide to training restricted Boltzmann machines},
  author={Hinton, Geoffrey},
  journal={Momentum},
  volume={9},
  number={1},
  pages={926},
  year={2010}
} %used
@article{smolensky1986information,
  title={Information processing in dynamical systems: Foundations of harmony theory},
  author={Smolensky, Paul},
  year={1986},
  publisher={Department of Computer Science, University of Colorado, Boulder}
} % used
@article{hinton2006reducing,
  title={Reducing the dimensionality of data with neural networks},
  author={Hinton, Geoffrey E and Salakhutdinov, Ruslan R},
  journal={Science},
  volume={313},
  number={5786},
  pages={504--507},
  year={2006},
  publisher={American Association for the Advancement of Science}
}
@inproceedings{salakhutdinov2009deep,
  title={Deep boltzmann machines},
  author={Salakhutdinov, Ruslan and Hinton, Geoffrey E},
  booktitle={International Conference on Artificial Intelligence and Statistics},
  pages={448--455},
  year={2009}
} % used
@inproceedings{salakhutdinov2007restricted,
  title={Restricted Boltzmann machines for collaborative filtering},
  author={Salakhutdinov, Ruslan and Mnih, Andriy and Hinton, Geoffrey},
  booktitle={Proceedings of the 24th international conference on Machine learning},
  pages={791--798},
  year={2007},
  organization={ACM}
}
@article{rother2004grabcut,
  title={Grabcut: Interactive foreground extraction using iterated graph cuts},
  author={Rother, Carsten and Kolmogorov, Vladimir and Blake, Andrew},
  journal={ACM Transactions on Graphics (TOG)},
  volume={23},
  number={3},
  pages={309--314},
  year={2004},
  publisher={ACM}
} % used
\end{}

% ===========================================================================================
% OBJECT SEGMENTATION
% ===========================================================================================
\begin{}
@article{farabet2013learning,
  title={Learning hierarchical features for scene labeling},
  author={Farabet, Clement and Couprie, Camille and Najman, Laurent and LeCun, Yann},
  journal={Pattern Analysis and Machine Intelligence, IEEE Transactions on},
  volume={35},
  number={8},
  pages={1915--1929},
  year={2013},
  publisher={IEEE}
}
@article{felzenszwalb2004efficient,
  title={Efficient graph-based image segmentation},
  author={Felzenszwalb, Pedro F and Huttenlocher, Daniel P},
  journal={International Journal of Computer Vision},
  volume={59},
  number={2},
  pages={167--181},
  year={2004},
  publisher={Springer}
}
@inproceedings{joulin2010discriminative,
  title={Discriminative clustering for image co-segmentation},
  author={Joulin, Armand and Bach, Francis and Ponce, Jean},
  booktitle={Computer Vision and Pattern Recognition (CVPR), 2010 IEEE Conference on},
  pages={1943--1950},
  year={2010},
  organization={IEEE}
}

@inproceedings{joulin2012multi,
  title={Multi-class cosegmentation},
  author={Joulin, Armand and Bach, Francis and Ponce, Jean},
  booktitle={Computer Vision and Pattern Recognition (CVPR), 2012 IEEE Conference on},
  pages={542--549},
  year={2012},
  organization={IEEE}
}
\end{}

% ===========================================================================================
% OBJECT DETECTION AND RECOGNITION, IMAGE CLASSIFICATION
% ===========================================================================================
\begin{}
@incollection{fidler2010coarse,
  title={A coarse-to-fine taxonomy of constellations for fast multi-class object detection},
  author={Fidler, Sanja and Boben, Marko and Leonardis, Ale{\v{s}}},
  booktitle={Computer Vision--ECCV 2010},
  pages={687--700},
  year={2010},
  publisher={Springer}
}
@article{zhu2010part,
  title={Part and appearance sharing: Recursive Compositional Models for multi-view},
  author={Zhu, Long Leo and Chen, Yuanhao and Torralba, Antonio and Freeman, William and Yuille, Alan},
  year={2010},
  publisher={IEEE}
}
@inproceedings{perronnin2010large,
  title={Large-scale image retrieval with compressed fisher vectors},
  author={Perronnin, Florent and Liu, Yan and S{\'a}nchez, Jorge and Poirier, Herv{\'e}},
  booktitle={Computer Vision and Pattern Recognition (CVPR), 2010 IEEE Conference on},
  pages={3384--3391},
  year={2010},
  organization={IEEE}
}
@incollection{perronnin2010improving,
  title={Improving the fisher kernel for large-scale image classification},
  author={Perronnin, Florent and S{\'a}nchez, Jorge and Mensink, Thomas},
  booktitle={Computer Vision--ECCV 2010},
  pages={143--156},
  year={2010},
  publisher={Springer}
}
@inproceedings{perronnin2007fisher,
  title={Fisher kernels on visual vocabularies for image categorization},
  author={Perronnin, Florent and Dance, Christopher},
  booktitle={Computer Vision and Pattern Recognition, 2007. CVPR'07. IEEE Conference on},
  pages={1--8},
  year={2007},
  organization={IEEE}
}
@inproceedings{moosmann2007fast,
  title={Fast discriminative visual codebooks using randomized clustering forests},
  author={Moosmann, Frank and Triggs, Bill and Jurie, Frederic},
  booktitle={Twentieth Annual Conference on Neural Information Processing Systems (NIPS'06)},
  pages={985--992},
  year={2007},
  organization={MIT Press}
}
@inproceedings{jurie2005creating,
  title={Creating efficient codebooks for visual recognition},
  author={Jurie, Frederic and Triggs, Bill},
  booktitle={Computer Vision, 2005. ICCV 2005. Tenth IEEE International Conference on},
  volume={1},
  pages={604--610},
  year={2005},
  organization={IEEE}
}
@incollection{burl1998probabilistic,
  title={A probabilistic approach to object recognition using local photometry and global geometry},
  author={Burl, Michael C and Weber, Markus and Perona, Pietro},
  booktitle={Computer VisionâECCVâ98},
  pages={628--641},
  year={1998},
  publisher={Springer}
}
@article{fergus2001efficient,
  title={Efficient methods for object recognition using the constellation model},
  author={Fergus, R and Weber, M and Perona, P},
  journal={California Inst. Technol., Tech. Rep},
  year={2001}
}
@article{fei2006one,
  title={One-shot learning of object categories},
  author={Fei-Fei, Li and Fergus, Rob and Perona, Pietro},
  journal={Pattern Analysis and Machine Intelligence, IEEE Transactions on},
  volume={28},
  number={4},
  pages={594--611},
  year={2006},
  publisher={IEEE}
}
@inproceedings{kumar2009efficient,
  title={Efficient discriminative learning of parts-based models},
  author={Kumar, M Pawan and Zisserman, Andrew and Torr, Philip HS},
  booktitle={Computer Vision, 2009 IEEE 12th International Conference on},
  pages={552--559},
  year={2009},
  organization={IEEE}
}
@incollection{sadeghi201430hz,
  title={30hz object detection with dpm v5},
  author={Sadeghi, Mohammad Amin and Forsyth, David},
  booktitle={Computer Vision--ECCV 2014},
  pages={65--79},
  year={2014},
  publisher={Springer}
}
@inproceedings{vsochman2005waldboost,
  title={Waldboost-learning for time constrained sequential detection},
  author={{\v{S}}ochman, Jan and Matas, Ji{\v{r}}{\'\i}},
  booktitle={Computer Vision and Pattern Recognition, 2005. CVPR 2005. IEEE Computer Society Conference on},
  volume={2},
  pages={150--156},
  year={2005},
  organization={IEEE}
}
@inproceedings{bourdev2005robust,
  title={Robust object detection via soft cascade},
  author={Bourdev, Lubomir and Brandt, Jonathan},
  booktitle={Computer Vision and Pattern Recognition, 2005. CVPR 2005. IEEE Computer Society Conference on},
  volume={2},
  pages={236--243},
  year={2005},
  organization={IEEE}
}
@inproceedings{gangaputra2006design,
  title={A design principle for coarse-to-fine classification},
  author={Gangaputra, Sachin and Geman, Donald},
  booktitle={Computer Vision and Pattern Recognition, 2006 IEEE Computer Society Conference on},
  volume={2},
  pages={1877--1884},
  year={2006},
  organization={IEEE}
}
@article{fleuret2001coarse,
  title={Coarse-to-fine face detection},
  author={Fleuret, Francois and Geman, Donald},
  journal={International Journal of computer vision},
  volume={41},
  number={1-2},
  pages={85--107},
  year={2001},
  publisher={Springer}
}
@inproceedings{dean2013fast,
  title={Fast, accurate detection of 100,000 object classes on a single machine},
  author={Dean, Thomas and Ruzon, Mark and Segal, Michael and Shlens, Jonathon and Vijayanarasimhan, Sudheendra and Yagnik, Jay and others},
  booktitle={Computer Vision and Pattern Recognition (CVPR), 2013 IEEE Conference on},
  pages={1814--1821},
  year={2013},
  organization={IEEE}
}
@inproceedings{savalle2014deformable,
  title={Deformable part models with cnn features},
  author={Savalle, Pierre-Andr{\'e} and Tsogkas, Stavros and Papandreou, George and Kokkinos, Iasonas},
  booktitle={European Conference on Computer Vision, Parts and Attributes Workshop},
  year={2014}
}
@article{ren2015object,
  title={Object Detection Networks on Convolutional Feature Maps},
  author={Ren, Shaoqing and He, Kaiming and Girshick, Ross and Zhang, Xiangyu and Sun, Jian},
  journal={arXiv preprint arXiv:1504.06066},
  year={2015}
}
@article{ghodrati2015deepproposal,
  title={DeepProposal: Hunting Objects by Cascading Deep Convolutional Layers},
  author={Ghodrati, Amir and Diba, Ali and Pedersoli, Marco and Tuytelaars, Tinne and Van Gool, Luc},
  journal={International Conference on Computer Vision (ICCV)},
  year={2015}
}
@incollection{lin2014microsoft,
  title={Microsoft COCO: Common objects in context},
  author={Lin, Tsung-Yi and Maire, Michael and Belongie, Serge and Hays, James and Perona, Pietro and Ramanan, Deva and Doll{\'a}r, Piotr and Zitnick, C Lawrence},
  booktitle={European Conference on Computer Vision (ECCV)},
  pages={740--755},
  year={2014},
  publisher={Springer}
}
@inproceedings{he2015delving,
  title={Delving deep into rectifiers: Surpassing human-level performance on imagenet classification},
  author={He, Kaiming and Zhang, Xiangyu and Ren, Shaoqing and Sun, Jian},
  journal={arXiv preprint arXiv:1502.01852},
  year={2015}
}
@inproceedings{li2010object,
  title={Object bank: A high-level image representation for scene classification \& semantic feature sparsification},
  author={Li, Li-Jia and Su, Hao and Fei-Fei, Li and Xing, Eric P},
  booktitle={Advances in neural information processing systems},
  pages={1378--1386},
  year={2010}
} % used
@inproceedings{felzenszwalb2008discriminatively,
  title={A discriminatively trained, multiscale, deformable part model},
  author={Felzenszwalb, Pedro and McAllester, David and Ramanan, Deva},
  booktitle={Computer Vision and Pattern Recognition, 2008. CVPR 2008. IEEE Conference on},
  pages={1--8},
  year={2008},
  organization={IEEE}
} % USED
@article{oquab2014weakly,
  title={Weakly supervised object recognition with convolutional neural networks},
  author={Oquab, Maxime and Bottou, L{\'e}on and Laptev, Ivan and Sivic, Josef},
  year={2014}
}
@inproceedings{girshick2013training,
  Author    = {Ross Girshick and
               Jitendra Malik},
  Title     = {Training Deformable Part Models with
               Decorrelated Features},
  Booktitle = {Proceedings of the International
               Conference on Computer Vision ({ICCV})},
  Year      = {2013}
} % used
@article{lecun1998gradient,
  title={Gradient-based learning applied to document recognition},
  author={LeCun, Yann and Bottou, L{\'e}on and Bengio, Yoshua and Haffner, Patrick},
  journal={Proceedings of the IEEE},
  volume={86},
  number={11},
  pages={2278--2324},
  year={1998},
  publisher={IEEE}
}% used
@inproceedings{yao2014human,
  title={Human detection using learned part alphabet and pose dictionary},
  author={Yao, Cong and Bai, Xiang and Liu, Wenyu and Latecki, Longin Jan},
  booktitle={Computer Vision--ECCV 2014},
  pages={251--266},
  year={2014},
  publisher={Springer}
} % used
@inproceedings{jin2006context,
  title={Context and hierarchy in a probabilistic image model},
  author={Jin, Ya and Geman, Stuart},
  booktitle={Computer Vision and Pattern Recognition, 2006 IEEE Computer Society Conference on},
  volume={2},
  pages={2145--2152},
  year={2006},
  organization={IEEE}
} % used
@article{zhu2010learning,
  title={Learning a hierarchical deformable template for rapid deformable object parsing},
  author={Zhu, Long and Chen, Yuanhao and Yuille, Alan},
  journal={Pattern Analysis and Machine Intelligence, IEEE Transactions on},
  volume={32},
  number={6},
  pages={1029--1043},
  year={2010},
  publisher={IEEE}
} % USED

@book{zhu2007stochastic,
  title={A stochastic grammar of images},
  author={Zhu, Song-Chun and Mumford, David},
  year={2007},
  publisher={Now Publishers Inc}
} % USED
@article{iandola2014densenet,
  title={Densenet: Implementing efficient convnet descriptor pyramids},
  author={Iandola, Forrest and Moskewicz, Matt and Karayev, Sergey and Girshick, Ross and Darrell, Trevor and Keutzer, Kurt},
  journal={arXiv preprint arXiv:1404.1869},
  year={2014}
} % used
@article{girshick2014deformable,
  title={Deformable part models are convolutional neural networks},
  author={Girshick, Ross and Iandola, Forrest and Darrell, Trevor and Malik, Jitendra},
  journal={arXiv preprint arXiv:1409.5403},
  year={2014}
}
@article{ren2015faster,
  title={Faster r-cnn: Towards real-time object detection with region proposal networks},
  author={Ren, Shaoqing and He, Kaiming and Girshick, Ross and Sun, Jian},
  journal={arXiv preprint arXiv:1506.01497},
  year={2015}
}
@article{girshick2015fast,
  title={Fast R-CNN},
  author={Girshick, Ross},
  journal={arXiv preprint arXiv:1504.08083},
  year={2015}
}
@inproceedings{dalal2005histograms,
  title={Histograms of oriented gradients for human detection},
  author={Dalal, Navneet and Triggs, Bill},
  booktitle={Computer Vision and Pattern Recognition, 2005. CVPR 2005. IEEE Computer Society Conference on},
  volume={1},
  pages={886--893},
  year={2005},
  organization={IEEE}
}
@article{yang2013articulated,
  title={Articulated human detection with flexible mixtures of parts},
  author={Yang, Yi and Ramanan, Deva},
  journal={Pattern Analysis and Machine Intelligence, IEEE Transactions on},
  volume={35},
  number={12},
  pages={2878--2890},
  year={2013},
  publisher={IEEE}
}
@inproceedings{zhu2012face,
  title={Face detection, pose estimation, and landmark localization in the wild},
  author={Zhu, Xiangxin and Ramanan, Deva},
  booktitle={Computer Vision and Pattern Recognition (CVPR), 2012 IEEE Conference on},
  pages={2879--2886},
  year={2012},
  organization={IEEE}
}
@inproceedings{sermanet2014overfeat,
  title={Overfeat: Integrated recognition, localization and detection using convolutional networks},
  author={Sermanet, Pierre and Eigen, David and Zhang, Xiang and Mathieu, Micha{\"e}l and Fergus, Rob and LeCun, Yann},
  booktitle =     {International Conference on Learning Representations (ICLR 2014)},
  year={2014}
}
@inproceedings{girshick2014rich,
  title={Rich feature hierarchies for accurate object detection and semantic segmentation},
  author={Girshick, Ross and Donahue, Jeff and Darrell, Trevor and Malik, Jagannath},
  booktitle={Computer Vision and Pattern Recognition (CVPR), 2014 IEEE Conference on},
  pages={580--587},
  year={2014},
  organization={IEEE}
}
@techreport{everingham2007pascal,
	Author = {M. Everingham and A. Zisserman and C. Williams and L. Van~Gool},
	Institution = {Pascal Challenge},
	Title = {The {PASCAL} Visual Obiect Classes Challenge 2007 ({VOC2007}) Results},
	Year = {2007}
}
@article{everingham2010pascal,
  title={The pascal visual object classes (voc) challenge},
  author={Everingham, Mark and Van Gool, Luc and Williams, Christopher KI and Winn, John and Zisserman, Andrew},
  journal={International journal of computer vision},
  volume={88},
  number={2},
  pages={303--338},
  year={2010},
  publisher={Springer}
}
@inproceedings{yang2007evaluating,
  author =        {Yang, Jun and Jiang, Yu-Gang and
                   Hauptmann, Alexander G and Ngo, Chong-Wah},
  booktitle =     {Proceedings of the international workshop on Workshop
                   on multimedia information retrieval},
  organization =  {ACM},
  pages =         {197--206},
  title =         {Evaluating bag-of-visual-words representations in
                   scene classification},
  year =          {2007}
}
@article{felzenszwalb2010object,
  author =        {Felzenszwalb, Pedro F and Girshick, Ross B and
                   McAllester, David and Ramanan, Deva},
  journal =       {IEEE Trans. PAMI},
  number =        {9},
  pages =         {1627--1645},
  publisher =     {IEEE},
  title =         {Object detection with discriminatively trained
                   part-based models},
  volume =        {32},
  year =          {2010}
} % used
@inproceedings{lowe1999object,
  author =        {Lowe, David G},
  booktitle =     {Proc. ICCV},
  organization =  {Ieee},
  pages =         {1150--1157},
  title =         {Object recognition from local scale-invariant
                   features},
  volume =        {2},
  year =          {1999},
}
@inproceedings{viola2001rapid,
  author =        {Viola, Paul and Jones, Michael},
  booktitle =     {Proc. CVPR},
  organization =  {IEEE},
  pages =         {I--511},
  title =         {Rapid object detection using a boosted cascade of
                   simple features},
  volume =        {1},
  year =          {2001}
}
@article{belongie2002shape,
  author =        {Belongie, Serge and Malik, Jitendra and Puzicha, Jan},
  journal =       {IEEE Trans. PAMI},
  number =        {4},
  pages =         {509--522},
  publisher =     {IEEE},
  title =         {Shape matching and object recognition using shape
                   contexts},
  volume =        {24},
  year =          {2002},
}
@article{ojala2002multiresolution,
  author =        {Ojala, Timo and Pietikainen, Matti and Maenpaa, Topi},
  journal =       {IEEE Trans. PAMI},
  number =        {7},
  pages =         {971--987},
  publisher =     {IEEE},
  title =         {Multiresolution gray-scale and rotation invariant
                   texture classification with local binary patterns},
  volume =        {24},
  year =          {2002},
}
@inproceedings{krizhevsky2012imagenet,
  title={Imagenet classification with deep convolutional neural networks},
  author={Krizhevsky, Alex and Sutskever, Ilya and Hinton, Geoffrey E},
  booktitle={Advances in neural information processing systems},
  pages={1097--1105},
  year={2012}
}
@inproceedings{fidler2013bottom,
  author =        {Fidler, Sanja and Mottaghi, Roozbeh and Yuille, Alan and
                   Urtasun, Raquel},
  booktitle =     {Proc. CVPR},
  organization =  {IEEE},
  pages =         {3294--3301},
  title =         {Bottom-up segmentation for top-down detection},
  year =          {2013}
} % used
@inproceedings{yang2011articulated,
  author =        {Yang, Yi and Ramanan, Deva},
  booktitle =     {Proc. CVPR},
  organization =  {IEEE},
  pages =         {1385--1392},
  title =         {Articulated pose estimation with flexible
                   mixtures-of-parts},
  year =          {2011},
}
@inproceedings{zhu2012face,
  author =        {Zhu, Xiangxin and Ramanan, Deva},
  booktitle =     {Proc. CVPR},
  organization =  {IEEE},
  pages =         {2879--2886},
  title =         {Face detection, pose estimation, and landmark
                   localization in the wild},
  year =          {2012},
}
@inproceedings{deng2009imagenet,
  author =        {Deng, Jia and Dong, Wei and Socher, Richard and
                   Li, Li-Jia and Li, Kai and Fei-Fei, Li},
  booktitle =     {Proc. CVPR},
  organization =  {IEEE},
  pages =         {248--255},
  title =         {Imagenet: A large-scale hierarchical image database},
  year =          {2009},
}
@incollection{hoiem2012diagnosing,
  author =        {Hoiem, Derek and Chodpathumwan, Yodsawalai and
                   Dai, Qieyun},
  booktitle =     {Proc. ECCV},
  pages =         {340--353},
  publisher =     {Springer},
  title =         {Diagnosing error in object detectors},
  year =          {2012},
}
@inproceedings{felzenszwalb2010cascade,
  author =        {Felzenszwalb, Pedro F and Girshick, Ross B and
                   McAllester, David},
  booktitle =     {Proc. CVPR},
  organization =  {IEEE},
  pages =         {2241--2248},
  title =         {Cascade object detection with deformable part models},
  year =          {2010},
}
@inproceedings{kokkinos2011rapid,
  author =        {Kokkinos, Iasonas},
  booktitle =     {Proc. NIPS},
  pages =         {2681--2689},
  title =         {Rapid deformable object detection using dual-tree
                   branch-and-bound},
  year =          {2011}
}
@inproceedings{kokkinos2012bounding,
  title={Bounding part scores for rapid detection with deformable part models},
  author={Kokkinos, Iasonas},
  booktitle={Computer Vision--ECCV 2012. Workshops and Demonstrations},
  pages={41--50},
  year={2012},
  organization={Springer}
}
@inproceedings{kokkinos2013shufflets,
  author =        {Kokkinos, Iasonas},
  booktitle =     {Proc. ICCV},
  organization =  {IEEE},
  pages =         {1393--1400},
  title =         {Shufflets: shared mid-level parts for fast object
                   detection},
  year =          {2013}
}
@article{uijlings2013selective,
  author =        {Uijlings, Jasper RR and van de Sande, Koen EA and
                   Gevers, Theo and Smeulders, Arnold WM},
  journal =       {IJCV},
  number =        {2},
  pages =         {154--171},
  title =         {Selective search for object recognition},
  volume =        {104},
  year =          {2013},
}
@article{he2014spatial,
  author =        {He, Kaiming and Zhang, Xiangyu and Ren, Shaoqing and
                   Sun, Jian},
  journal =       {arXiv preprint arXiv:1406.4729},
  title =         {Spatial Pyramid Pooling in Deep Convolutional
                   Networks for Visual Recognition},
  year =          {2014},
}
@incollection{dubout2012exact,
  author =        {Dubout, Charles and Fleuret, Fran{\c{c}}ois},
  booktitle =     {Proc. ECCV},
  pages =         {301--311},
  publisher =     {Springer},
  title =         {Exact acceleration of linear object detectors},
  year =          {2012},
}
@inproceedings{vondrick2013hoggles,
  author =        {Vondrick, Carl and Khosla, Aditya and
                   Malisiewicz, Tomasz and Torralba, Antonio},
  booktitle =     {Proc. ICCV},
  organization =  {IEEE},
  pages =         {1--8},
  title =         {Hoggles: Visualizing object detection features},
  year =          {2013},
}
@inproceedings{girshick2013training,
  author =        {Girshick, Ross and Malik, Jitendra},
  booktitle =     {Proc. ICCV},
  organization =  {IEEE},
  pages =         {3016--3023},
  title =         {Training deformable part models with decorrelated
                   features},
  year =          {2013},
}
@inproceedings{vedaldi2009multiple,
  title={Multiple kernels for object detection},
  author={Vedaldi, Andrea and Gulshan, Varun and Varma, Manik and Zisserman, Andrew},
  booktitle={Computer Vision, 2009 IEEE 12th International Conference on},
  pages={606--613},
  year={2009},
  organization={IEEE}
}
@inproceedings{vedaldi2009structured,
  author       = "Vedaldi, A. and Zisserman, A.",
  title        = "Structured Output Regression for Detection with Partial Truncation",
  booktitle    = "NIPS",
  year         = "2009",
}
@inproceedings{stein2005bsift,
  author       = "Andrew Stein and Martial Hebert",
  title        = "Incorporating Background Invariance into Feature-Based Object Recognition",
  booktitle    = "Workshop on Applications of Computer Vision (WACV) ",
  year         = "2005",
}
@misc{voc-release5,
  author = "Girshick, R. B. and Felzenszwalb, P. F. and McAllester, D.",
  title = "Discriminatively Trained Deformable Part Models, Release 5",
  howpublished = {\url{http://people.cs.uchicago.edu/~rbg/latent-release5}}
}
@article{felzenszwalb2005pictorial,
  title={Pictorial structures for object recognition},
  author={Felzenszwalb, Pedro F and Huttenlocher, Daniel P},
  journal={IJCV},
  volume={61},
  number={1},
  pages={55--79},
  year={2005},
  publisher={Springer}
} % used
@inproceedings{felzenszwalb2010cascade,
  title={Cascade object detection with deformable part models},
  author={Felzenszwalb, Pedro F and Girshick, Ross B and McAllester, David},
  booktitle={CVPR},
  pages={2241--2248},
  year={2010},
  organization={IEEE}
}
@inproceedings{girshick2011object,
  title={Object detection with grammar models},
  author={Girshick, Ross B and Felzenszwalb, Pedro F and Mcallester, David A},
  booktitle={Advances in Neural Information Processing Systems},
  pages={442--450},
  year={2011}
} % used
@inproceedings{pedersoli2011coarse,
  title={A coarse-to-fine approach for fast deformable object detection},
  author={Pedersoli, Marco and Vedaldi, Andrea and Gonzalez, Jordi},
  booktitle={CVPR},
  pages={1353--1360},
  year={2011}
}
@inproceedings{kokkinos2011rapid,
  title={Rapid deformable object detection using dual-tree branch-and-bound},
  author={Kokkinos, Iasonas},
  booktitle={NIPS},
  year={2011}
}
@inproceedings{azizpour2012object,
  title={Object detection using strongly-supervised deformable part models},
  author={Azizpour, Hossein and Laptev, Ivan},
  booktitle={ECCV},
  year={2012}
} % used
@inproceedings{ott2011shared,
  title={Shared parts for deformable part-based models},
  author={Ott, Patrick and Everingham, Mark},
  booktitle={CVPR},
  pages={1513--1520},
  year={2011}
}

@inproceedings{pirsiavash2012steerable,
  title={Steerable part models},
  author={Pirsiavash, Hamed and Ramanan, Deva},
  booktitle={CVPR},
  pages={3226--3233},
  year={2012}
}

@article{everingham2010pascal,
  title={The pascal visual object classes ({VOC}) challenge},
  author={Everingham, Mark and Van Gool, Luc and Williams, Christopher KI and Winn, John and Zisserman, Andrew},
  journal={IJCV},
  volume={88},
  number={2},
  pages={303--338},
  year={2010}
}

@article{everingham2014pascal,
  title={The pascal visual object classes challenge: A retrospective},
  author={Everingham, Mark and Eslami, SM Ali and Van Gool, Luc and Williams, Christopher KI and Winn, John and Zisserman, Andrew},
  journal={International Journal of Computer Vision},
  volume={111},
  number={1},
  pages={98--136},
  year={2014},
  publisher={Springer}
}

@article{fischler1973representation, 
  title={The representation and matching of pictorial structures},
  author={Fischler, Martin A and Elschlager, Robert A},
  journal={IEEE Transactions on Computers},
  volume={100},
  number={1},
  pages={67--92},
  year={1973}
}% used

@inproceedings{dalal2005histograms,
  title={Histograms of oriented gradients for human detection},
  author={Dalal, Navneet and Triggs, Bill},
  booktitle={CVPR},
  volume={1},
  pages={886--893},
  year={2005}
} % used

@incollection{leordeanu2012efficient,
  title={Efficient closed-form solution to generalized boundary detection},
  author={Leordeanu, Marius and Sukthankar, Rahul and Sminchisescu, Cristian},
  booktitle={ECCV},
  year={2012}
}

@article{arbelaez2011contour,
  title={Contour detection and hierarchical image segmentation},
  author={Arbelaez, Pablo and Maire, Michael and Fowlkes, Charless and Malik, Jitendra},
  journal={PAMI},
  volume={33},
  number={5},
  pages={898--916},
  year={2011}
}

@inproceedings{viola2001rapid,
  title={Rapid object detection using a boosted cascade of simple features},
  author={Viola, Paul and Jones, Michael},
  booktitle={CVPR},
  volume={1},
  pages={I--511},
  year={2001}
}

@incollection{tsogkas2012learning,
  title={Learning-Based symmetry detection in natural images},
  author={Tsogkas, Stavros and Kokkinos, Iasonas},
  booktitle={ECCV},
  pages={41--54},
  year={2012}
}

@inproceedings{trulls2013dense,
  title={Dense Segmentation-aware Descriptors},
  author={Trulls, Eduard and Kokkinos, Iasonas and Sanfeliu, Alberto and Moreno-Noguer, Francesc},
  booktitle={CVPR},
  year={2013}
}

@inproceedings{trulls2014segmentation,
  title={Segmentation-aware deformable part models},
  author={Trulls, Eduard and Tsogkas, Stavros and Kokkinos, Iasonas and Sanfeliu, Alberto and Moreno-Noguer, Francesc},
  booktitle={Computer Vision and Pattern Recognition (CVPR), 2014 IEEE Conference on},
  pages={168--175},
  year={2014},
  organization={IEEE}
} % used

@inproceedings{ramanan2007using,
  title={Using segmentation to verify object hypotheses},
  author={Ramanan, Deva},
  booktitle={CVPR},
  year={2007}
}

@inproceedings{maire2011object,
  title={Object detection and segmentation from joint embedding of parts and pixels},
  author={Maire, Michael and Yu, Stella X and Perona, Pietro},
  booktitle={ICCV},
  pages={2142--2149},
  year={2011}
}

@inproceedings{gao2011segmentation,
  title={A segmentation-aware object detection model with occlusion handling},
  author={Gao, Tianshi and Packer, Benjamin and Koller, Daphne},
  booktitle={CVPR},
  year={2011}
}

@article{kumar2010objcut,
  title={Objcut: Efficient segmentation using top-down and bottom-up cues},
  author={Kumar, Pawan and Torr, Philip HS and Zisserman, Andrew},
  journal={PAMI},
  volume={32},
  number={3},
  pages={530--545},
  year={2010}
}

@inproceedings{gould2009region,
  title={Region-based segmentation and object detection},
  author={Gould, Stephen and Gao, Tianshi and Koller, Daphne},
  year={2009},
  organization={NIPS}
}

@inproceedings{ott2009implicit,
  title={Implicit color segmentation features for pedestrian and object detection},
  author={Ott, Patrick and Everingham, Mark},
  booktitle={ICCV},
  year={2009}
}

@article{shotton2009textonboost,
  title={Textonboost for image understanding: Multi-class object recognition and segmentation by jointly modeling texture, layout, and context},
  author={Shotton, Jamie and Winn, John and Rother, Carsten and Criminisi, Antonio},
  journal={IJCV},
  volume={81},
  number={1},
  pages={2--23},
  year={2009}
}

@inproceedings{dollar2009pedestrian,
  title={Pedestrian detection: A benchmark},
  author={Doll{\'a}r, Piotr and Wojek, Christian and Schiele, Bernt and Perona, Pietro},
  booktitle={CVPR},
  pages={304--311},
  year={2009}
}

@inproceedings{gu2009recognition,
  title={Recognition using regions},
  author={Gu, Chunhui and Lim, Joseph J and Arbel{\'a}ez, Pablo and Malik, Jitendra},
  booktitle={CVPR},
  pages={1030--1037},
  year={2009}
}

@article{yang2012layered,
  title={Layered object models for image segmentation},
  author={Yang, Yi and Hallman, Sam and Ramanan, Deva and Fowlkes, Charless C},
  journal={PAMI},
  volume={34},
  number={9},
  pages={1731--1743},
  year={2012}
}

@book{bishop2006pattern,
  title={Pattern recognition and machine learning},
  author={Bishop, Christopher M and others},
  volume={1},
  year={2006}
}

@article{achanta2012slic,
  title={{SLIC} Superpixels Compared to State-of-the-art Superpixel Methods},
  author={Achanta, Radhakrishna and Shaji, Appu and Smith, Kevin and Lucchi, Aurelien and Fua, Pascal and SÃ¼sstrunk, Sabine},
  journal={IEEE Transactions on Pattern Analysis and Machine Intelligence},
  volume={34},
  number={11},
  pages={2274--2282},
  year={2012}
} % USED

@inproceedings{carreira2010cpmc,
  title={Constrained Parametric Min-Cuts for Automatic Object Segmentation},
  author={Joao Carreira and Cristian Sminchisescu},
  booktitle={CVPR},
  year={2010}
}
@article{carreira2012cpmc,
  title={Cpmc: Automatic object segmentation using constrained parametric min-cuts},
  author={Carreira, Joao and Sminchisescu, Cristian},
  journal={Pattern Analysis and Machine Intelligence, IEEE Transactions on},
  volume={34},
  number={7},
  pages={1312--1328},
  year={2012},
  publisher={IEEE}
}
@inproceedings{carreira2012o2p,
  title={Semantic Segmentation with Second-Order Pooling},
  author={Joao Carreira and Rui Caseiro and Jorge Batista and Cristian Sminchisescu},
  booktitle={ECCV},
  year={2012}
}

@inproceedings{fidler2013dpm,
  title={Bottom-up Segmentation for Top-down Detection},
  author={Sanja Fidler and Roozbeh Mottaghi and Alan Yuille and Raquel Urtasun},
  booktitle={CVPR},
  year={2013}
}

@article{liu2011,
author = {C. Liu and J. Yuen and A. Torralba},
title = {{SIFT} flow: dense correspondence across difference scenes},
journal = {PAMI},
year = {2011},
volume = {33},
number = {5}
}

@misc{vedaldi08vlfeat,
author = {A. Vedaldi and B. Fulkerson},
title = {{VLFeat}: An Open and Portable Library of Computer Vision Algorithms},
year  = {2008},
howpublished = {\url{http://www.vlfeat.org}}
}

@article{lowe2004,
author = {D. Lowe},
title = {Distinctive Image Features from Scale-Invariant Keypoints},
journal = {IJCV},
year = 2004
}

@inproceedings{tola2008,
author = {E. Tola and V. Lepetit and P. Fua},
title = {A fast local descriptor for dense matching},
booktitle = {CVPR},
year = 2008
}

@misc{hopkins_dataset,
author = {R. Tron and R. Vidal},
title = {Hopkins 155 Dataset},
year  = {2007},
howpublished = {\url{http://www.vision.jhu.edu/data.htm}}
}

@misc{moseg_dataset,
author = {T. Brox and J. Malik},
title = {Berkeley Motion Segmentation Dataset},
year  = {2010},
howpublished = {\url{http://lmb.informatik.uni-freiburg.de/resources/datasets/moseg.en.html}}
}

@inproceedings{brox2010ECCV,
author = {T. Brox and J. Malik},
title = {Object segmentation by long term analysis of point trajectories},
booktitle = {ECCV},
year = {2010}
}

@article{dice1945,
  author    = {Lee R. Dice},
  title     = {Measures of the Amount of Ecologic Association Between Species},
  journal   = {Ecology},
  volume    = {26},
  number    = {3},
  year      = {1945}
}

@inproceedings{kokkinos2008,
author = {I. Kokkinos and A. Yuille},
title = {Scale Invariance without Scale Selection},
booktitle = {CVPR},
year = 2008
}

@inproceedings{kokkinos2013shufflets,
author = {I. Kokkinos},
title = {Shufflets: Shared Mid-level Parts for Fast Object Detection},
booktitle = {ICCV},
year = 2013
}

@article{Shi1997,
author = {Jianbo Shi and Jitendra Malik},
title = {Normalized Cuts and Image Segmentation},
journal = {PAMI},
year = {1997}
}

@inproceedings{scalpel,
	author    = {David Weiss and
	Ben Taskar},
	title     = {SCALPEL: Segmentation Cascades with Localized Priors and
	Efficient Learning},
	booktitle = {CVPR},
	year      = {2013}
}

@inproceedings{manen2013prim,
title={Prime Object Proposals with Randomized {Prim}'s Algorithm},
author = {Santiago ManÃ©n and Matthieu Guillaumin and Luc Van Gool},
booktitle = {ICCV},
year = 2013
}

@inproceedings{lbp,
	author    = {Xiaoyu Wang and
	Tony X. Han and
	Shuicheng Yan},
	title     = {An HOG-LBP human detector with partial occlusion handling},
	booktitle = {ICCV},
	year      = {2009}
}
\end{}

% ========================================================
% FINE-GRAINED RECOGNITION
% ========================================================
\begin{}
@incollection{liu2014part,
  title={Part-Pair Representation for Part Localization},
  author={Liu, Jiongxin and Li, Yinxiao and Belhumeur, Peter N},
  booktitle={Computer Vision--ECCV 2014},
  pages={456--471},
  year={2014},
  publisher={Springer}
}
@inproceedings{liu2013bird,
  title={Bird part localization using exemplar-based models with enforced pose and subcategory consistency},
  author={Liu, Jiongxin and Belhumeur, Peter N},
  booktitle={Computer Vision (ICCV), 2013 IEEE International Conference on},
  pages={2520--2527},
  year={2013},
  organization={IEEE}
}
@inproceedings{bourdev2009poselets,
  title={Poselets: Body part detectors trained using 3d human pose annotations},
  author={Bourdev, Lubomir and Malik, Jitendra},
  booktitle={Computer Vision, 2009 IEEE 12th International Conference on},
  pages={1365--1372},
  year={2009},
  organization={IEEE}
}
@inproceedings{chai2013symbiotic,
  title={Symbiotic segmentation and part localization for fine-grained categorization},
  author={Chai, Yuning and Lempitsky, Victor and Zisserman, Andrew},
  booktitle={Computer Vision (ICCV), 2013 IEEE International Conference on},
  pages={321--328},
  year={2013},
  organization={IEEE}
} 
@inproceedings{xie2013hierarchical,
  title={Hierarchical part matching for fine-grained visual categorization},
  author={Xie, Lingxi and Tian, Qi and Hong, Richang and Yan, Shuicheng and Zhang, Bo},
  booktitle={Computer Vision (ICCV), 2013 IEEE International Conference on},
  pages={1641--1648},
  year={2013},
  organization={IEEE}
}
@article{wah2011caltech,
  title={The caltech-ucsd birds-200-2011 dataset},
  author={Wah, Catherine and Branson, Steve and Welinder, Peter and Perona, Pietro and Belongie, Serge},
  year={2011},
  publisher={California Institute of Technology}
} 
@inproceedings{zhang2013deformable,
  title={Deformable part descriptors for fine-grained recognition and attribute prediction},
  author={Zhang, Ning and Farrell, Ronan and Iandola, Forrest and Darrell, Trevor},
  booktitle={Computer Vision (ICCV), 2013 IEEE International Conference on},
  pages={729--736},
  year={2013},
  organization={IEEE}
}
@incollection{zhang2014part,
  title={Part-Based R-CNNs for Fine-Grained Category Detection},
  author={Zhang, Ning and Donahue, Jeff and Girshick, Ross and Darrell, Trevor},
  booktitle=eccv,
  pages={834--849},
  year={2014},
  publisher={Springer}
}
@inproceedings{krause2014learning,
  title={Learning features and parts for fine-grained recognition},
  author={Krause, Jonathan and Gebru, Timnit and Deng, Jia and Li, Li-Jia and Fei-Fei, Li},
  booktitle={Pattern Recognition (ICPR), 2014 22nd International Conference on},
  pages={26--33},
  year={2014},
  organization={IEEE}
}
@inproceedings{krause2015fine,
  title={Fine-Grained Recognition without Part Annotations},
  author={Krause, Jonathan and Jin, Hailin and Yang, Jianchao and Fei-Fei, Li},
  booktitle={Proceedings of the IEEE Conference on Computer Vision and Pattern Recognition},
  pages={5546--5555},
  year={2015}
}
@inproceedings{goering2014nonparametric,
  title={Nonparametric part transfer for fine-grained recognition},
  author={Goering, Christoph and Rodner, Erid and Freytag, Alexander and Denzler, Joachim},
  booktitle={Computer Vision and Pattern Recognition (CVPR), 2014 IEEE Conference on},
  pages={2489--2496},
  year={2014},
  organization={IEEE}
}
\end{}


% ========================================================
% MEDICAL
% ========================================================
\begin{}
@article{patenaude2011bayesian,
title = "A Bayesian model of shape and appearance for subcortical brain segmentation ",
journal = "NeuroImage ",
year = "2011",
author = {Patenaude, B. and Smith, S. M. and Kennedy D. N. and Jenkinson, M. }
}
@article{fischl2002whole,
  title={Whole brain segmentation: automated labeling of neuroanatomical structures in the human brain},
  author={Fischl, B. and Salat, D. H. and Busa, E. and Albert, M. and Dieterich, M. and Haselgrove, C. and Van Der Kouwe, A. and Killiany, R. and Kennedy, D. and Klaveness, S. and others},
  journal={Neuron},
  volume={33},
  number={3},
  pages={341--355},
  year={2002},
  publisher={Elsevier}
}
@Article{rohlfing2012image, 
author={Rohlfing, T.}, 
journal={ IEEE Transactions on Medical Imaging}, 
title={Image Similarity and Tissue Overlaps as Surrogates for Image Registration Accuracy: Widely Used but Unreliable}, 
year={2012}
}
@inproceedings{alchatzidis2014discrete,
	title = {Discrete Multi Atlas Segmentation using Agreement Constraints},
	author = {Alchatzidis, S. and Sotiras, A. and Paragios, N.},
	year = {2014},
	booktitle = {BMVC}
}
@incollection{chudasama2006frontostriatal,
  Title                    = {Functions of frontostriatal systems in cognition: Comparative neuropsychopharmacological studies in rats, monkeys and humans},
  Author                   = {Chudasama, Y. and Robbins, T.W.},
  Journal                  = {Biological Psychology},
  Year                     = {2006},
}
@incollection{prasoon2013deep,
  title={Deep feature learning for knee cartilage segmentation using a triplanar convolutional neural network},
  author={Prasoon, Adhish and Petersen, Kersten and Igel, Christian and Lauze, Fran{\c{c}}ois and Dam, Erik and Nielsen, Mads},
  booktitle={Medical Image Computing and Computer-Assisted Intervention--MICCAI 2013},
  pages={246--253},
  year={2013},
  publisher={Springer}
}
\end{}

% =========================================================
% FEATURES AND DESCRIPTORS
% =========================================================
\begin{}
@article{cimpoi2014deep,
  title={Deep convolutional filter banks for texture recognition and segmentation},
  author={Cimpoi, Mircea and Maji, Subhransu and Vedaldi, Andrea},
  journal={arXiv preprint arXiv:1411.6836},
  year={2014}
}
@article{jaakkola1999exploiting,
  title={Exploiting generative models in discriminative classifiers},
  author={Jaakkola, Tommi and Haussler, David and others},
  journal={Advances in neural information processing systems},
  pages={487--493},
  year={1999},
  publisher={MIT; 1998}
}
@incollection{jegou2008hamming,
  title={Hamming embedding and weak geometric consistency for large scale image search},
  author={Jegou, Herve and Douze, Matthijs and Schmid, Cordelia},
  booktitle={Computer Vision--ECCV 2008},
  pages={304--317},
  year={2008},
  publisher={Springer}
}
@inproceedings{jegou2010aggregating,
  title={Aggregating local descriptors into a compact image representation},
  author={J{\'e}gou, Herv{\'e} and Douze, Matthijs and Schmid, Cordelia and P{\'e}rez, Patrick},
  booktitle={IEEE Conference on Computer Vision and Pattern Recognition (CVPR)},
  pages={3304--3311},
  year={2010},
  organization={IEEE}
}
@inproceedings{sivic2003video,
  title={Video Google: A text retrieval approach to object matching in videos},
  author={Sivic, Josef and Zisserman, Andrew},
  booktitle={IEEE Conference on Computer Vision and Pattern  Recognition},
  pages={1470--1477},
  year={2003},
  organization={IEEE}
}
@inproceedings{philbin2007object,
  title={Object retrieval with large vocabularies and fast spatial matching},
  author={Philbin, James and Chum, Ond{\v{r}}ej and Isard, Michael and Sivic, Josef and Zisserman, Andrew},
  booktitle={IEEE Conference on Computer Vision and Pattern Recognition},
  pages={1--8},
  year={2007},
  organization={IEEE}
}
@inproceedings{arandjelovic2013all,
  title={All about VLAD},
  author={Arandjelovic, Relja and Zisserman, Andrew},
  booktitle={Computer Vision and Pattern Recognition (CVPR), 2013 IEEE Conference on},
  pages={1578--1585},
  year={2013},
  organization={IEEE}
}
@inproceedings{arandjelovic2012three,
  title={Three things everyone should know to improve object retrieval},
  author={Arandjelovi{\'c}, Relja and Zisserman, Andrew},
  booktitle={IEEE Conference on Computer Vision and Pattern Recognition (CVPR)},
  pages={2911--2918},
  year={2012},
  organization={IEEE}
}
@article{lowe2004distinctive,
  title={Distinctive image features from scale-invariant keypoints},
  author={Lowe, D.G.},
  journal={IJCV},
  year={2004}
}
@article{oliva2001modeling,
  title={Modeling the shape of the scene: A holistic representation of the spatial envelope},
  author={Oliva, Aude and Torralba, Antonio},
  journal={International journal of computer vision},
  volume={42},
  number={3},
  pages={145--175},
  year={2001},
  publisher={Springer}
}
@article{oliva2006building,
  title={Building the gist of a scene: The role of global image features in recognition},
  author={Oliva, Aude and Torralba, Antonio},
  journal={Progress in brain research},
  volume={155},
  pages={23--36},
  year={2006},
  publisher={Elsevier}
}
@article{yujian2007normalized,
  title={A normalized Levenshtein distance metric},
  author={Yujian, Li and Bo, Liu},
  journal={Pattern Analysis and Machine Intelligence, IEEE Transactions on},
  volume={29},
  number={6},
  pages={1091--1095},
  year={2007},
  publisher={IEEE}
}
@inproceedings{levenshtein1966binary,
  title={Binary codes capable of correcting deletions, insertions, and reversals},
  author={Levenshtein, Vladimir I},
  booktitle={Soviet physics doklady},
  volume={10},
  number={8},
  pages={707--710},
  year={1966}
}
@inproceedings{lazebnik2006beyond,
  title={Beyond bags of features: Spatial pyramid matching for recognizing natural scene categories},
  author={Lazebnik, Svetlana and Schmid, Cordelia and Ponce, Jean},
  booktitle={Computer Vision and Pattern Recognition, 2006 IEEE Computer Society Conference on},
  volume={2},
  pages={2169--2178},
  year={2006},
  organization={IEEE}
}
@article{van2010evaluating,
  title={Evaluating color descriptors for object and scene recognition},
  author={Van De Sande, Koen EA and Gevers, Theo and Snoek, Cees GM},
  journal={Pattern Analysis and Machine Intelligence, IEEE Transactions on},
  volume={32},
  number={9},
  pages={1582--1596},
  year={2010},
  publisher={IEEE}
}
@inproceedings{dollar2009integral,
  title={Integral Channel Features.},
  author={Doll{\'a}r, Piotr and Tu, Zhuowen and Perona, Pietro and Belongie, Serge},
  booktitle={BMVC},
  volume={2},
  number={3},
  pages={5},
  year={2009}
}
@article{singh2012unsupervised,
  title={Unsupervised discovery of mid-level discriminative patches},
  author={Singh, Saurabh and Gupta, Abhinav and Efros, Alexei},
  journal={Computer Vision--ECCV 2012},
  pages={73--86},
  year={2012},
  publisher={Springer}
} % used
\end{}

% =====================================================================================
% SIGNAL PROCESSING
% =====================================================================================
@book{mallat1999wavelet,
  title={A wavelet tour of signal processing},
  author={Mallat, St{\'e}phane},
  year={1999},
  publisher={Academic press}
}

% =====================================================================================
% MACHINE LEARNING AND OPTIMIZATION
% =====================================================================================
@inproceedings{vedaldi2015matconvnet,
     author    = {A. Vedaldi and K. Lenc},
     title     = {MatConvNet -- Convolutional Neural Networks for MATLAB},
     book      = {Proceeding of the {ACM} Int. Conf. on Multimedia},
     year      = {2015}
}
@inproceedings{maji2009max,
  title={Max-margin additive classifiers for detection},
  author={Maji, Subhransu and Berg, Alexander C},
  booktitle={Computer Vision, 2009 IEEE 12th International Conference on},
  pages={40--47},
  year={2009},
  organization={IEEE}
}
@inproceedings{meyerson2001online,
  title={Online facility location},
  author={Meyerson, Adam},
  booktitle={Foundations of Computer Science, 2001. Proceedings. 42nd IEEE Symposium on},
  pages={426--431},
  year={2001},
  organization={IEEE}
}
@article{comaniciu2002mean,
  title={Mean shift: A robust approach toward feature space analysis},
  author={Comaniciu, Dorin and Meer, Peter},
  journal={Pattern Analysis and Machine Intelligence, IEEE Transactions on},
  volume={24},
  number={5},
  pages={603--619},
  year={2002},
  publisher={IEEE}
}
@inproceedings{vedaldi2012sparse,
  title={Sparse kernel approximations for efficient classification and detection},
  author={Vedaldi, Andrea and Zisserman, Andrew},
  booktitle={Computer Vision and Pattern Recognition (CVPR), 2012 IEEE Conference on},
  pages={2320--2327},
  year={2012},
  organization={IEEE}
}
@inproceedings{gray2003nonparametric,
  title={Nonparametric Density Estimation: Toward Computational Tractability.},
  author={Gray, Alexander G and Moore, Andrew W},
  booktitle={SDM},
  pages={203--211},
  year={2003},
  organization={SIAM}
}
@article{gilbert1992global,
  title={Global convergence properties of conjugate gradient methods for optimization},
  author={Gilbert, Jean Charles and Nocedal, Jorge},
  journal={SIAM Journal on optimization},
  volume={2},
  number={1},
  pages={21--42},
  year={1992},
  publisher={SIAM}
}
@article{dietterich1997solving,
  title={Solving the multiple instance problem with axis-parallel rectangles},
  author={Dietterich, Thomas G and Lathrop, Richard H and Lozano-P{\'e}rez, Tom{\'a}s},
  journal={Artificial intelligence},
  volume={89},
  number={1},
  pages={31--71},
  year={1997},
  publisher={Elsevier}
}
@book{scholkopf2002learning,
  title={Learning with kernels: Support vector machines, regularization, optimization, and beyond},
  author={Sch{\"o}lkopf, Bernhard and Smola, Alexander J},
  year={2002},
  publisher={MIT press}
}
@article{boykov2001fast,
  title={Fast approximate energy minimization via graph cuts},
  author={Boykov, Yuri and Veksler, Olga and Zabih, Ramin},
  journal={Pattern Analysis and Machine Intelligence, IEEE Transactions on},
  volume={23},
  number={11},
  pages={1222--1239},
  year={2001},
  publisher={IEEE}
}
@article{lindholm2008nvidia,
  title={NVIDIA Tesla: A unified graphics and computing architecture},
  author={Lindholm, Erik and Nickolls, John and Oberman, Stuart and Montrym, John},
  journal={IEEE micro},
  number={2},
  pages={39--55},
  year={2008},
  publisher={IEEE}
}
@inproceedings{kirk2007nvidia,
  title={NVIDIA CUDA software and GPU parallel computing architecture},
  author={Kirk, David and others},
  booktitle={ISMM},
  volume={7},
  pages={103--104},
  year={2007}
}
@article{nickolls2010gpu,
  title={The GPU computing era},
  author={Nickolls, John and Dally, William J},
  journal={IEEE micro},
  number={2},
  pages={56--69},
  year={2010},
  publisher={IEEE}
}


